
***********************************************************
the compare algorithms in the TCSVT
***********************************************************


@book{1980_MRF,
  title={Markov random fields and their applications},
  author={Kindermann, Ross and Snell, J Laurie},
  volume={1},
  year={1980},
  publisher={American Mathematical Society}
}

@ARTICLE{2017_TPAMI_GANGWANG, 
author={M. Chen and X. Wei and Q. Yang and Q. Li and G. Wang and M. H. Yang}, 
journal={IEEE Trans. on Pattern Anal. and Mach. Intell.}, 
title={Spatiotemporal GMM for Background Subtraction with Superpixel Hierarchy}, 
year={2018}, 
volume={PP}, 
number={99}, 
pages={1-1}, 
keywords={Computational modeling;Computer vision;Estimation;Heuristic algorithms;Robustness;Spatiotemporal phenomena;Videos}, 
doi={10.1109/TPAMI.2017.2717828}, 
ISSN={0162-8828}, 
month={},}




@INPROCEEDINGS{2017_CVPR_8099662, 
author={E. Ilg and N. Mayer and T. Saikia and M. Keuper and A. Dosovitskiy and T. Brox}, 
booktitle={IEEE Conf. on Comput. Vis. and Pattern Recognit. (CVPR)}, 
title={FlowNet 2.0: Evolution of Optical Flow Estimation with Deep Networks}, 
year={2017}, 
volume={}, 
number={}, 
pages={1647-1655}, 
keywords={image sequences;learning (artificial intelligence);motion estimation;FlowNet 2.0;deep networks;end-to-end learning;estimation error;intermediate optical flow;optical flow computation;optical flow estimation;real-world data;second image warping;stacked architecture;variational methods;Adaptive optics;Computer architecture;Estimation;Optical imaging;Schedules;Stacking;Training}, 
doi={10.1109/CVPR.2017.179}, 
ISSN={1063-6919}, 
month={July},}

@INPROCEEDINGS{2017_CVPR_8099774, 
author={A. Ranjan and M. J. Black}, 
booktitle={IEEE Conf. on Comput. Vis. and Pattern Recognit. (CVPR)}, 
title={Optical Flow Estimation Using a Spatial Pyramid Network}, 
year={2017}, 
volume={}, 
number={}, 
pages={2720-2729}, 
keywords={convolution;image filtering;image sequences;learning (artificial intelligence);minimisation;motion estimation;FlowNet approach;SPyNet;classical flow methods;coarse-to-fine approach;convolution filters;convolutional approach;deep learning;deep network;flow update;motion estimation;objective function standard minimization;optical flow estimation;spatial pyramid network;spatial-pyramid formulation;warped images;Adaptive optics;Biomedical optical imaging;Computational modeling;Estimation;Neural networks;Optical computing;Optical imaging}, 
doi={10.1109/CVPR.2017.291}, 
ISSN={1063-6919}, 
month={July},}

@INPROCEEDINGS{2016_CVPR_7780984, 
author={Y. Hu and R. Song and Y. Li}, 
booktitle={2016 IEEE Conf. on Comput. Vis. and Pattern Recognit. (CVPR)}, 
title={Efficient Coarse-to-Fine Patch Match for Large Displacement Optical Flow}, 
year={2016}, 
volume={}, 
number={}, 
pages={5704-5712}, 
keywords={computer vision;estimation theory;image matching;image sequences;interpolation;random processes;smoothing methods;CPM;EpicFlow;NNF algorithms;built-in smoothing effect;coarse-to-fine PatchMatch;computer vision;constrained random search radius;edge-preserving interpolation method;image matching;large displacement optical flow estimation;nearest neighbor field algorithms;Adaptive optics;Boolean functions;Data structures;Estimation;Nonlinear optics;Optical imaging;Optical propagation}, 
doi={10.1109/CVPR.2016.615}, 
ISSN={}, 
month={June},}

@INPROCEEDINGS{2017_ICCV_8237343, 
author={J. Cheng and Y. H. Tsai and S. Wang and M. H. Yang}, 
booktitle={IEEE Int. Conf. on Comput. Vis. (ICCV)}, 
title={SegFlow: Joint Learning for Video Object Segmentation and Optical Flow}, 
year={2017}, 
volume={}, 
number={}, 
pages={686-695}, 
keywords={Image segmentation;Object segmentation;Optical fiber networks;Optical imaging;Optical propagation;Training}, 
doi={10.1109/ICCV.2017.81}, 
ISSN={}, 
month={Oct},}


@ARTICLE{2017_TCSVT_BG_7857064, 
author={S. M. Roy and A. Ghosh}, 
journal={IEEE Trans. Circuits Syst. Video Technol.}, 
title={Real-time Adaptive Histogram Min-Max Bucket (HMMB) Model for Background Subtraction}, 
year={2017}, 
volume={PP}, 
number={99}, 
pages={1-1}, 
keywords={Adaptation models;Computational modeling;Computer vision;Hidden Markov models;Histograms;Lighting;Real-time systems;Background subtraction;binary pixel classification;computer vision;illumination invariance;real-time analysis;sliding window}, 
doi={10.1109/TCSVT.2017.2669362}, 
ISSN={1051-8215}, 
month={},}

@ARTICLE{2017_TCSVT_BG_7911235, 
author={X. Liu and J. Yao and X. HONG and X. Huang and Z. Zhou and C. Qi and G. Zhao}, 
journal={IEEE Trans. Circuits Syst. Video Technol.}, 
title={Background Subtraction using Spatio-Temporal Group Sparsity Recovery}, 
year={2017}, 
volume={PP}, 
number={99}, 
pages={1-1}, 
keywords={Compressed sensing;Dictionaries;Electronic mail;Matrix decomposition;Robustness;Sparse matrices;Training;Background subtraction;foreground detection;group sparsity;orthogonal matching pursuit;sparse signal recovery;spatio-temporal}, 
doi={10.1109/TCSVT.2017.2697972}, 
ISSN={1051-8215}, 
month={},}


@ARTICLE{2017_TCSVT_BG_7938679, 
author={S. Jiang and X. Lu}, 
journal={IEEE Trans. Circuits Syst. Video Technol.}, 
title={WeSamBE: A Weight-Sample-Based Method for Background Subtraction}, 
year={2017}, 
volume={PP}, 
number={99}, 
pages={1-1}, 
keywords={Adaptation models;Algorithm design and analysis;Classification algorithms;Computational modeling;Correlation;Indexes;Resists;Background subtraction;Minimum-weight update;Reward-and-penalty weight strategy;Weighted sample}, 
doi={10.1109/TCSVT.2017.2711659}, 
ISSN={1051-8215}, 
month={},}


@ARTICLE{2012_TPAMI_6104059, 
author={L. Xu and J. Jia and Y. Matsushita}, 
journal={IEEE Trans. on Pattern Anal. and Mach. Intell.}, 
title={Motion Detail Preserving Optical Flow Estimation}, 
year={2012}, 
volume={34}, 
number={9}, 
pages={1744-1757}, 
keywords={image motion analysis;image sequences;optimisation;EC2F refinement framework;Middlebury optical flow benchmarkmarking;displacement variation;extended coarse-to-fine refinement framework;image motion;large-displacement motion;motion detail;motion structure;multiscale variational framework;objective function;optical flow estimation;optimization procedure;outlier;Adaptive optics;Estimation;Image color analysis;Optical imaging;Optimization;Robustness;Vectors;Optical flow;features.;image motion;optimization;variational methods;video motion}, 
doi={10.1109/TPAMI.2011.236}, 
ISSN={0162-8828}, 
month={Sept},}


@ARTICLE{2013_TPAMI_6261321, 
author={O. Mac Aodha and A. Humayun and M. Pollefeys and G. J. Brostow}, 
journal={IEEE Trans. on Pattern Anal. and Mach. Intell.}, 
title={Learning a Confidence Measure for Optical Flow}, 
year={2013}, 
volume={35}, 
number={5}, 
pages={1107-1120}, 
keywords={estimation theory;feature extraction;image sequences;image texture;learning (artificial intelligence);spatiotemporal phenomena;vectors;image pixel confidence estimation;image texture;occlusion boundaries;optical flow algorithm selection;optical flow confidence measure learning;optical flow vectors;real sequences;spatiotemporal feature vector;supervised learning-based method;synthetic sequences;Accuracy;Adaptive optics;Optical imaging;Optical variables measurement;Prediction algorithms;Supervised learning;Vectors;Optical flow;Random Forest;algorithm selection;confidence measure;synthetic data}, 
doi={10.1109/TPAMI.2012.171}, 
ISSN={0162-8828}, 
month={May},}

@ARTICLE{2012_TIP_6099620, 
author={K. Chen and D. A. Lorenz}, 
journal={IEEE Trans. on Image. Process.}, 
title={Image Sequence Interpolation Based on Optical Flow, Segmentation, and Optimal Control}, 
year={2012}, 
volume={21}, 
number={3}, 
pages={1020-1030}, 
keywords={hidden feature removal;image segmentation;image sequences;interpolation;optimal control;Chan-Vese approach;automatic segmentation;backward interpolation;forward interpolation;human perception;image segmentation;interpolation error;level set approach;occlusion handling;optical flow-based image sequence interpolation;optimal control;segregation loop;Biomedical optical imaging;Image edge detection;Image segmentation;Image sequences;Interpolation;Optical imaging;Optimal control;Active contours;image sequence interpolation;optical flow;optimal control;segmentation;transport equation}, 
doi={10.1109/TIP.2011.2179305}, 
ISSN={1057-7149}, 
month={March},}


@ARTICLE{2017_TIP_7938568, 
author={C. Zhang and Z. Chen and M. Wang and M. Li and S. Jiang}, 
journal={IEEE Trans. on Image. Process.}, 
title={Robust Non-Local TV- $L^{1}$ Optical Flow Estimation With Occlusion Detection}, 
year={2017}, 
volume={26}, 
number={8}, 
pages={4055-4067}, 
keywords={image filtering;image motion analysis;image sequences;iterative methods;median filters;Charbonnier function;MPI Sintel database test sequence;Middlebury database test sequence;brightness constancy;coarse-to-fine computing strategy;displacement motion;gradient constancy assumption;improved median filtering;linearizing iterative scheme;motion occlusion;nonrigid motion;occlusion detection method;robust nonlocal TV-L1 optical flow estimation;triangulation;Computer vision;Estimation;Image motion analysis;Optical filters;Optical imaging;Robustness;Smoothing methods;Non-local;TV-LÂ¹;occlusion detection;optical flow}, 
doi={10.1109/TIP.2017.2712279}, 
ISSN={1057-7149}, 
month={Aug},}



@ARTICLE{2005_TCSVT_1381490, 
author={H. Foroosh}, 
journal={IEEE Trans. on Image. Process.}, 
title={Pixelwise-adaptive blind optical flow assuming nonstationary statistics}, 
year={2005}, 
volume={14}, 
number={2}, 
pages={222-230}, 
keywords={error statistics;gradient methods;image sequences;motion estimation;error statistics;gradient-based technique;independent regularization parameter;motion field statistics;motion vector;nonstationary statistics;piecewise-adaptive blind optical flow;signal-to-noise ratio;Equations;Error analysis;Helium;Image motion analysis;Image processing;Motion estimation;Motion measurement;Optical sensors;Signal to noise ratio;Statistics;Blind estimation;generalized cross validation (GCV);motion estimation;nonstationary statistic;optical flow;Algorithms;Cluster Analysis;Image Enhancement;Image Interpretation, Computer-Assisted;Information Storage and Retrieval;Models, Statistical;Movement;Numerical Analysis, Computer-Assisted;Pattern Recognition, Automated;Reproducibility of Results;Sensitivity and Specificity;Signal Processing, Computer-Assisted;Stochastic Processes;Subtraction Technique;Video Recording}, 
doi={10.1109/TIP.2004.840685}, 
ISSN={1057-7149}, 
month={Feb},}



@ARTICLE{2012_TCSVT_6209407, 
author={T. Senst and V. Eiselein and T. Sikora}, 
journal={IEEE Trans. Circuits Syst. Video Technol.}, 
title={Robust Local Optical Flow for Feature Tracking}, 
year={2012}, 
volume={22}, 
number={9}, 
pages={1377-1387}, 
keywords={computational complexity;image sequences;least squares approximations;object tracking;regression analysis;KLT tracker;computational complexity;feature tracking performance;generalized aperture problem;least squares estimator;linear models;local motion estimation problem;modified Hampel estimator;robust local optical flow approach;robust regression analysis;standard Kanade-Lucas-Tomasi tracker;window sizes;Adaptive optics;Estimation;Lighting;Optical imaging;Optical sensors;Robustness;Tracking;Feature tracking;Hampel;KanadeâLucasâTomasi (KLT);long-term trajectories;optical flow;robust estimation}, 
doi={10.1109/TCSVT.2012.2202070}, 
ISSN={1051-8215}, 
month={Sept},}


@ARTICLE{2016_TCSVT_7583695, 
author={J. Chen and Z. Cai and J. Lai and X. Xie}, 
journal={IEEE Trans. Circuits Syst. Video Technol.}, 
title={Fast Optical Flow Estimation Based on Split Bregman Method}, 
year={2017}, 
volume={PP}, 
number={99}, 
pages={1-1}, 
keywords={Computational modeling;Computer vision;Convergence;Estimation;Mathematical model;Optical imaging;Optimization;fast convergence;nonlocal Split Bregman method;optical flow estimation}, 
doi={10.1109/TCSVT.2016.2615324}, 
ISSN={1051-8215}, 
month={},}
@ARTICLE{2016_TCSVT_7514761,
author={E. Zhu and Y. Li and Y. Shi},
journal={IEEE Trans. Circuits Syst. Video Technol.},
title={Fast Optical Flow Estimation Without Parallel Architectures},
year={2017},
volume={27},
number={11},
pages={2322-2332},
keywords={Adaptive optics;Boolean functions;Computer vision;Data structures;Estimation;Optical imaging;Optical sensors;3D-gradient;nearest-neighbor field (NNF);optical flow},
doi={10.1109/TCSVT.2016.2592322},
ISSN={1051-8215},
month={Nov},}





@ARTICLE{2013_TIP_6544695, 
author={A. Kumar and F. Tung and A. Wong and D. A. Clausi}, 
journal={IEEE Trans. on Image. Process.}, 
title={A Decoupled Approach to Illumination-Robust Optical Flow Estimation}, 
year={2013}, 
volume={22}, 
number={10}, 
pages={4136-4147}, 
keywords={brightness;image sequences;object recognition;stochastic processes;brightness;decoupled approach;illumination variation;illumination-robust optical flow estimation;illumination-robust optical flow method;object motion;optical flow algorithms;reflectance;stochastic technique;Optical flow;decoupled stochastic estimate;illumination invariance;triple channel flow presentation}, 
doi={10.1109/TIP.2013.2270374}, 
ISSN={1057-7149}, 
month={Oct},}



@ARTICLE{2012_TIP_5986712, 
author={H. Sakaino}, 
journal={IEEE Trans. on Image. Process.}, 
title={A Semitransparency-Based Optical-Flow Method With a Point Trajectory Model for Particle-Like Video}, 
year={2012}, 
volume={21}, 
number={2}, 
pages={441-450}, 
keywords={image sequences;optimisation;video signal processing;complicated background;image brightness change models;image brightness constancy;image generation model;image intensity;moving semitransparent object;optical-flow estimation model;outdoor scene;particle-like video;point trajectory model;semitransparency-based optical-flow model;two-step optimization;Brightness;Computer vision;Image motion analysis;Optical imaging;Snow;Trajectory;Vehicles;Large displacement;natural scene;optical flow;particle;semitransparency;two-step optimization}, 
doi={10.1109/TIP.2011.2165220}, 
ISSN={1057-7149}, 
month={Feb},}



@ARTICLE{2012_TPAMI_6104059, 
author={L. Xu and J. Jia and Y. Matsushita}, 
journal={IEEE Trans. on Pattern Anal. and Mach. Intell.}, 
title={Motion Detail Preserving Optical Flow Estimation}, 
year={2012}, 
volume={34}, 
number={9}, 
pages={1744-1757}, 
keywords={image motion analysis;image sequences;optimisation;EC2F refinement framework;Middlebury optical flow benchmarkmarking;displacement variation;extended coarse-to-fine refinement framework;image motion;large-displacement motion;motion detail;motion structure;multiscale variational framework;objective function;optical flow estimation;optimization procedure;outlier;Adaptive optics;Estimation;Image color analysis;Optical imaging;Optimization;Robustness;Vectors;Optical flow;features.;image motion;optimization;variational methods;video motion}, 
doi={10.1109/TPAMI.2011.236}, 
ISSN={0162-8828}, 
month={Sept},}


@article{2013_MEXOPENCV,
  title={Mexopencv},
  author={Yamaguchi, K},
  journal={Collection and a development kit of matlab mex functions for OpenCV library, available at http://www. cs. stonybrook. edu/\~{} kyamagu/mexopencv},
  year={2013}
}




@ARTICLE{2011_TPAMI_OPTICALFLOW_TBOX,
author={T. Brox and J. Malik},
journal={IEEE Trans. on Pattern Anal. and Mach. Intell.},
title={Large Displacement Optical Flow: Descriptor Matching in Variational Motion Estimation},
year={2011},
volume={33},
number={3},
pages={500-513},
keywords={image matching;image sequences;motion estimation;descriptor matching;optical flow estimation;variational motion estimation;Adaptive optics;Histograms;Image color analysis;Numerical models;Optical imaging;Optimization;Pixel;Motion;optical flow.;video;Algorithms;Artificial Intelligence;Computer Simulation;Humans;Image Enhancement;Image Interpretation, Computer-Assisted;Imaging, Three-Dimensional;Information Storage and Retrieval;Models, Theoretical;Motion;Pattern Recognition, Automated;Phantoms, Imaging;Sensitivity and Specificity;Signal Processing, Computer-Assisted;Subtraction Technique;Video Recording},
doi={10.1109/TPAMI.2010.143},
ISSN={0162-8828},
month={March},}






@ARTICLE{2017_REVIEW_7914756,
author={W. Kim and C. Jung},
journal={IEEE Access},
title={Illumination-Invariant Background Subtraction: Comparative Review, Models, and Prospects},
year={2017},
volume={5},
number={},
pages={8369-8384},
keywords={video signal processing;video surveillance;illumination-invariant background subtraction;image processing;outdoor surveillance;pixel value statistics;scene context dynamic changes;smart video surveillance;unconstrained outdoor environments;Computational modeling;Context;Databases;Lighting;Surveillance;Systematics;Taxonomy;Background subtraction;dynamic changes of scene contexts;outdoor surveillance;varying illuminations},
doi={10.1109/ACCESS.2017.2699227},
ISSN={2169-3536},
month={},}

@article{2014_CVIU_SOBRAL20144,
title = "A comprehensive review of background subtraction algorithms evaluated with synthetic and real videos",
journal = "Comput. Vis. and Image Und.",
volume = "122",
pages = "4 - 21",
year = "2014",
issn = "1077-3142",
author = "Andrews Sobral and Antoine Vacavant",
keywords = "Background subtraction, Motion detection, Foreground segmentation"
}


@article{2017_JEI_MOTION,
author = { Kamal  Sehairi,Fatima  Chouireb,Jean  Meunier},
title = {Comparative study of motion detection methods for video surveillance systems},
journal = {Journal of Electronic Imaging},
volume = {26},
number = {},
pages = {26 - 26 - 29},
year = {2017},
eprint = {}
}


@ARTICLE{2014_TCSVT_OP_6748891, 
author={M. A. Mohamed and H. A. Rashwan and B. Mertsching and M. A. GarcÃ­a and D. Puig}, 
journal={IEEE Trans. Circuits Syst. Video Technol.}, 
title={Illumination-Robust Optical Flow Using a Local Directional Pattern}, 
year={2014}, 
volume={24}, 
number={9}, 
pages={1499-1508}, 
keywords={Brightness;Feature extraction;Lighting;Optical imaging;Optical sensors;Robustness;Transforms}, 
doi={10.1109/TCSVT.2014.2308628}, 
ISSN={1051-8215}, 
month={Sept},}

@article{2012_DSP_OP_BOTELLA20121174,
title = "Quantization analysis and enhancement of a VLSI gradient-based motion estimation architecture",
journal = "Digital Signal Processing",
volume = "22",
number = "6",
pages = "1174 - 1187",
year = "2012",
issn = "1051-2004",
author = "Guillermo Botella and Uwe Meyer-Baese and Antonio GarcÃ­a and Manuel RodrÃ­guez",
keywords = "Optical flow, Neuromorphic systems, DSPs, FPGAs, Quantization, Filtering design, Fixed-point vs. floating point"
}




@ARTICLE{2012_TIP_OP_6099616, 
author={P. Heas and C. Herzet and E. Memin}, 
journal={IEEE Trans. on Image. Process.}, 
title={Bayesian Inference of Models and Hyperparameters for Robust Optical-Flow Estimation}, 
year={2012}, 
volume={21}, 
number={4}, 
pages={1437-1451}, 
keywords={belief networks;estimation theory;image motion analysis;image sequences;inference mechanisms;maximum likelihood estimation;statistical distributions;visual databases;Middlebury database;conditional model;fluid flows;generic Bayesian inference;hyperparameters;image data;image intensity function;image sequences;likelihood motion models;manually tuning smoothing parameters;marginalized a posteriori probability distribution functions;nonGaussian M-estimators;optimal models selection;regularization coefficients;robust optical-flow estimation;robust statistics;unknown velocity field;Bayesian methods;Computational modeling;Context;Estimation;Optical imaging;Robustness;Zirconium;Algorithms;Bayes Theorem;Computer Simulation;Image Enhancement;Image Interpretation, Computer-Assisted;Models, Statistical;Pattern Recognition, Automated;Reproducibility of Results;Rheology;Sensitivity and Specificity}, 
doi={10.1109/TIP.2011.2179053}, 
ISSN={1057-7149}, 
month={April},}





@ARTICLE{2010_TVLSI_OP_5153096, 
author={G. Botella and A. Garcia and M. Rodriguez-Alvarez and E. Ros and U. Meyer-Baese and M. C. Molina}, 
journal={IEEE Trans. {VLSI} Syst.}, 
title={Robust Bioinspired Architecture for Optical-Flow Computation}, 
year={2010}, 
volume={18}, 
number={4}, 
pages={616-629}, 
keywords={bio-inspired materials;brain;computational complexity;image sequences;motion estimation;brain;computational complexity;cortical motion pathway;image sequences;information channels;motion estimation;multichannel gradient model;neuromorphic properties;neuromorphic robust optical flow;optical flow computation;reconfigurable hardware;robust bioinspired architecture;Bioinspired systems;digital signal processing;embedded systems;neuromorphic systems;optical flow;reconfigurable architectures}, 
doi={10.1109/TVLSI.2009.2013957}, 
ISSN={1063-8210}, 
month={April},}




@ARTICLE{2015_TIP_OP_6850051, 
author={T. Crivelli and M. Fradet and P. H. Conze and P. Robert and P. PÃ©rez}, 
journal={IEEE Trans. on Image. Process.}, 
title={Robust Optical Flow Integration}, 
year={2015}, 
volume={24}, 
number={1}, 
pages={484-498}, 
keywords={image motion analysis;image sequences;integration;Euler integration;dense point trajectories;information propagation;online inverse integration;optical flow estimator;optical flow fields;real image data;reference frame;robust optical flow integration;sense inverse integration;stability properties;synthetic data;Adaptive optics;Computer vision;Estimation;Image motion analysis;Optical imaging;Trajectory;Vectors;Image motion analysis;optical flow;point tracking;trajectory estimation}, 
doi={10.1109/TIP.2014.2336547}, 
ISSN={1057-7149}, 
month={Jan},}


@inproceedings{lucas1981iterative,
  title={An iterative image registration technique with an application to stereo vision.},
  author={Lucas, Bruce D and Kanade, Takeo and others},
  booktitle={IJCAI},
  volume={81},
  pages={674--679},
  year={1981}
}


@InProceedings{2017_ICCV_zhu2017multilayer,
author = {Zhu, Yizhe and Elgammal, Ahmed},
title = {A Multilayer-Based Framework for Online Background Subtraction With Freely Moving Cameras},
booktitle = {The IEEE Int. Conf. on Comput. Vis. (ICCV)},
month = {Oct},
year = {2017}
}

@book{2003_hartley_multiple,
  title={Multiple view geometry in computer vision},
  author={Hartley, Richard and Zisserman, Andrew},
  year={2003},
  publisher={Cambridge university press}
}


@inproceedings{2006_SURF,
author="Bay, Herbert
and Tuytelaars, Tinne
and Van Gool, Luc",
title="SURF: Speeded Up Robust Features",
bookTitle="Eur. Conf. on Comput. Vis. (ECCV)",
year="2006",
pages="404--417",
isbn="978-3-540-33833-8",
doi="10.1007/11744023_32",
}



@inproceedings{2012_KAZE,
author="Alcantarilla, Pablo Fern{\'a}ndez
and Bartoli, Adrien
and Davison, Andrew J.",
title="KAZE Features",
bookTitle="Eur. Conf. on Comput. Vis. (ECCV)",
year="2012",
pages="214--227",
isbn="978-3-642-33783-3",
doi="10.1007/978-3-642-33783-3_16",
}






// 2000_CVPR_Scene modeling for wide area surveillance and image synthesis
@INPROCEEDINGS{2000_CVPR_854767, 
author={Mittal, A. and Huttenlocher, D.}, 
booktitle={IEEE Conf. on Comput. Vis. and Pattern Recognit. (CVPR)}, 
title={Scene modeling for wide area surveillance and image synthesis}, 
year={2000}, 
volume={2}, 
pages={160-167 vol.2}, 
keywords={image registration;image sequences;motion estimation;object detection;surveillance;background image;image synthesis;mixture models;moving camera;moving object detection;panoramic mosaic;panoramic view;pixels;reliable detection;scene modeling;video sequence;wide area surveillance;Cameras;Computer science;Image generation;Image registration;Layout;Monitoring;Object detection;Pixel;Surveillance;Video sequences}, 
doi={10.1109/CVPR.2000.854767}, 
ISSN={1063-6919}, 
month={},}

// 2004_CVIJ_Distinctive Image Features from Scale-Invariant Keypoints
@article{lowe2004distinctive,
  title={Distinctive image features from scale-invariant keypoints},
  author={Lowe, David G},
  journal={Int. J. Comput. Vis.},
  volume={60},
  number={2},
  pages={91--110},
  year={2004},
  publisher={Springer}
}


@INPROCEEDINGS{7351664_2015_ICIP, 
author={H. Sajid and S. C. S. Cheung}, 
booktitle={Image Processing (ICIP), 2015 IEEE International Conference on}, 
title={Background subtraction for static amp; moving camera}, 
year={2015}, 
pages={4530-4534}, 
keywords={cameras;computer vision;image colour analysis;image motion analysis;background model bank;camera jitter;dynamic background;environmental conditions;machine vision systems;moving camera;multiple background model based background subtraction algorithm;object motion;optimal color space selection;static camera;Cameras;Change detection algorithms;Classification algorithms;Image color analysis;Lighting;Training;Videos;Background Subtraction;background model bank;background modelling;binary classifiers}, 
doi={10.1109/ICIP.2015.7351664}, 
month={Sept},}

@INPROCEEDINGS{Lim2014_2014_ECCV,
author="Lim, Jongwoo and Han, Bohyung",
title={Generalized Background Subtraction Using Superpixels with Label Integrated Motion Estimation},
bookTitle={Eur. Conf. on Comput. Vis. (ECCV)},
year="2014",
publisher="Springer",
// address="Cham",
pages="173--187",
isbn="978-3-319-10602-1",
doi="10.1007/978-3-319-10602-1_12",
}

@INPROCEEDINGS{Brox2010_2010_ECCV,
author="Brox, Thomas
and Malik, Jitendra",
editor="Daniilidis, Kostas
and Maragos, Petros
and Paragios, Nikos",
title="Object Segmentation by Long Term Analysis of Point Trajectories",
bookTitle="Computer Vision -- ECCV 2010: 11th Eur. Conf. on Comput. Vis., Heraklion, Crete, Greece, September 5-11, 2010, Proceedings, Part V",
year="2010",
publisher="Springer Berlin Heidelberg",
address="Berlin, Heidelberg",
pages="282--295",
isbn="978-3-642-15555-0",
doi="10.1007/978-3-642-15555-0_21",
}



// 2005_ICCV_Detection and tracking of moving objects from a moving platform in presence of strong parallax
@INPROCEEDINGS{1541233_2005_ICCV, 
author={Jinman Kang and I. Cohen and G. Medioni and Chang Yuan}, 
booktitle={IEEE Int. Conf. on Comput. Vis. (ICCV)}, 
title={Detection and tracking of moving objects from a moving platform in presence of strong parallax}, 
year={2005}, 
volume={1}, 
pages={10-17 Vol. 1}, 
keywords={cameras;geometry;image classification;image motion analysis;image segmentation;object detection;tracking filters;video signal processing;3D scene moving region;epipolar constraint;geometric constraint;joint probability data association filter;likelihood map;moving object detection;moving object tracking;moving pixel detection;optimal path searching;parallax region filtering;pixel classification;plane+parallax framework;sliding window;structure consistency constraint;trilinear tensor;video sequence;Intelligent robots;Intelligent systems;Layout;Motion detection;Object detection;Parallel robots;Robot vision systems;Robustness;Smart cameras;Tensile stress}, 
doi={10.1109/ICCV.2005.72}, 
ISSN={1550-5499}, 
month={Oct},}

// 2006_ICPR_Joint Correspondence and Background Modeling Based on Tree Dynamic Programming
@INPROCEEDINGS{1699235, 
author={Rao, N.I. and Huijun Di and Guangyou Xu}, 
booktitle={Pattern Recognition, 2006. ICPR 2006. 18th International Conference on}, 
title={Joint Correspondence and Background Modeling Based on Tree Dynamic Programming}, 
year={2006}, 
volume={2}, 
pages={425-428}, 
keywords={dynamic programming;image registration;image segmentation;trees (mathematics);background modeling;correspondence estimation;foreground segmentation;labeling problem;parallax effect;registration error;tree dynamic programming;tree structure;Cameras;Computer errors;Dynamic programming;Human computer interaction;Labeling;Layout;Pervasive computing;Robustness;Shape;Tree data structures}, 
doi={10.1109/ICPR.2006.732}, 
ISSN={1051-4651}, 
month={},}

// 2006_ICIP_MRF-Based Foreground Detection in Image Sequences from a Moving Camera
@INPROCEEDINGS{4106732, 
author={Berrabah, S.A. and de Cubber, G. and Enescu, V. and Sahli, H.}, 
booktitle={Image Processing, 2006 IEEE International Conference on}, 
title={MRF-Based Foreground Detection in Image Sequences from a Moving Camera}, 
year={2006}, 
pages={1125-1128}, 
keywords={Bayes methods;Markov processes;cameras;image segmentation;image sequences;maximum likelihood estimation;mobile robots;motion estimation;object detection;spatiotemporal phenomena;Bayesian approach;GMM approach;MAP;MRF-based foreground detection;Markov random field;image sequence;maximum aposteriori probability;mobile robot;motion estimation;moving camera;object detection;spatio-temporal dependencies;Bayesian methods;Cameras;Image sequences;Layout;Lighting;Mobile robots;Motion detection;Motion estimation;Object detection;Robot vision systems;Background Estimation;MRF;Motion Estimation;Motion Segmentation}, 
doi={10.1109/ICIP.2006.312754}, 
ISSN={1522-4880}, 
month={Oct},}

// 2006_CVPRW_Robust Moving Object Detection at Distance in the Visible Spectrum and Beyond Using A Moving Camera
@INPROCEEDINGS{1640576_2006_CVPRW, 
author={Yan Zhang and Kiselewich, S.J. and Bauson, W.A. and Hammoud, R.}, 
booktitle={Computer Vision and Pattern Recognition Workshop, 2006. CVPRW '06. Conference on}, 
title={Robust Moving Object Detection at Distance in the Visible Spectrum and Beyond Using A Moving Camera}, 
year={2006}, 
pages={131-131}, 
keywords={Cameras;Motion detection;Motion estimation;Object detection;Pattern recognition;Robustness;Subtraction techniques;Vehicle detection;Vehicle safety;Video surveillance}, 
doi={10.1109/CVPRW.2006.174}, 
month={June},}

// 2007_ICCV_Moving Object Extraction with a Hand-held Camera
@INPROCEEDINGS{2007_ICCV_4408963, 
author={Guofeng Zhang and Jiaya Jia and Wei Xiong and Tien-Tsin Wong and Pheng-Ann Heng and Hujun Bao}, 
booktitle={IEEE Int. Conf. on Comput. Vis. (ICCV)}, 
title={Moving Object Extraction with a Hand-held Camera}, 
year={2007}, 
pages={1-8}, 
keywords={feature extraction;image segmentation;image sequences;motion estimation;video signal processing;3D warping;continuous-discrete optimizations;dense motion field estimation;foreground separation;hand-held camera;object boundary;object extraction;planar-perspective transformation;structure consistency constraint;video sequence;Cameras;Computer vision;Constraint optimization;Data mining;Geometry;Image motion analysis;Motion estimation;Object detection;Robustness;Video sequences}, 
doi={10.1109/ICCV.2007.4408963}, 
ISSN={1550-5499}, 
month={Oct},}

// 2007_TPAMI_Detecting Motion Regions in the Presence of a Strong Parallax from a Moving Camera by Multiview Geometric Constraints
@ARTICLE{4288164_2007_TPAMI, 
author={Chang Yuan and Medioni, G. and Jinman Kang and Cohen, I.}, 
journal={IEEE Trans. on Pattern Anal. and Mach. Intell.}, 
title={Detecting Motion Regions in the Presence of a Strong Parallax from a Moving Camera by Multiview Geometric Constraints}, 
year={2007}, 
volume={29}, 
number={9}, 
pages={1627-1641}, 
keywords={cameras;computational geometry;image motion analysis;image sequences;object detection;video signal processing;2D planar homography;3D structure;epipolar constraint;image pixel;motion detection;moving camera;multiview geometric constraint;object detection;planar-parallax constraints;structure consistency constraint;video sequence;Cameras;Layout;Motion detection;Motion measurement;Object detection;Pixel;Robot vision systems;Tensile stress;Video compression;Video sequences;Motion detection;epipolar constraint;multiple view geometry;plane plus parallax;Algorithms;Artifacts;Artificial Intelligence;Image Enhancement;Image Interpretation, Computer-Assisted;Imaging, Three-Dimensional;Motion;Pattern Recognition, Automated;Photogrammetry;Reproducibility of Results;Sensitivity and Specificity}, 
doi={10.1109/TPAMI.2007.1084}, 
ISSN={0162-8828}, 
month={Sept},}

// 2007_FSKD_Panoramic Background Model under Free Moving Camera
@INPROCEEDINGS{4406002, 
author={Rao, N.I. and Huijun Di and Guangyou Xu}, 
booktitle={Fuzzy Systems and Knowledge Discovery, 2007. FSKD 2007. Fourth International Conference on}, 
title={Panoramic Background Model under Free Moving Camera}, 
year={2007}, 
volume={1}, 
pages={639-643}, 
keywords={dynamic programming;estimation theory;image motion analysis;image segmentation;trees (mathematics);Lucas-Kanade method;correspondence estimation;foreground segmentation;free moving camera;hand-held camera;moving region segmentation;object segmentation;outdoor environment;panoramic background model;robust M-estimator;tree dynamic programming;vision system;wide area scene modeling;Cameras;Image segmentation;Labeling;Layout;Lighting;Machine vision;Man machine systems;Object segmentation;Robustness;Surveillance}, 
doi={10.1109/FSKD.2007.443}, 
month={Aug},}

// 2008_TPAMI_Robust Foreground Detection In Video Using Pixel Layers
@ARTICLE{4415272_2008_TPAMI, 
author={Patwardhan, K.A. and Sapiro, G. and Morellas, V.}, 
journal={IEEE Trans. on Pattern Anal. and Mach. Intell.}, 
title={Robust Foreground Detection In Video Using Pixel Layers}, 
year={2008}, 
volume={30}, 
number={4}, 
pages={746-751}, 
keywords={image resolution;object detection;video signal processing;coarse scene representation;maximum-likelihood assignment;pixel layers;robust foreground detection;spatial vicinity;video analysis;Pixel classification;Scene Analysis;Algorithms;Artificial Intelligence;Image Enhancement;Image Interpretation, Computer-Assisted;Pattern Recognition, Automated;Reproducibility of Results;Sensitivity and Specificity;Signal Processing, Computer-Assisted;Video Recording}, 
doi={10.1109/TPAMI.2007.70843}, 
ISSN={0162-8828}, 
month={April},}

@inproceedings{yin2008online,
  title={Online Figure-ground Segmentation with Edge Pixel Classification.},
  author={Yin, Zhaozheng and Collins, Robert T},
  booktitle={BMVC},
  pages={1--10},
  year={2008},
  organization={Citeseer}
}

// 2008_ICIP_background modeling from a free-moving camera by multi-layer homography algorithm
@INPROCEEDINGS{4712069_2008_ICIP, 
author={Yuxin Jin and Linmi Tao and Huijun Di and Rao, N.I. and Guangyou Xu}, 
booktitle={Image Processing, 2008. ICIP 2008. 15th IEEE International Conference on}, 
title={Background modeling from a free-moving camera by Multi-Layer Homography Algorithm}, 
year={2008}, 
pages={1572-1575}, 
keywords={cameras;computer vision;image motion analysis;image segmentation;object detection;background modeling;computer vision;foreground segmentation;free-moving camera;moving object detection;multilayer homography algorithm;Cameras;Computer science;Computer vision;Layout;Motion detection;Motion estimation;Nonhomogeneous media;Object detection;Optical filters;Particle tracking;Multi-layer Homography;background model;free-moving camera}, 
doi={10.1109/ICIP.2008.4712069}, 
ISSN={1522-4880}, 
month={Oct},}

// 2009_CVPR_learning color and locality cues for moving object detection and segmentation.pdf
@INPROCEEDINGS{5206857_2009_CVPR, 
author={Feng Liu and M. Gleicher}, 
booktitle={IEEE Conf. on Comput. Vis. and Pattern Recognit. (CVPR)}, 
title={Learning color and locality cues for moving object detection and segmentation}, 
year={2009}, 
pages={320-327}, 
keywords={Gaussian processes;Markov processes;image colour analysis;image motion analysis;image segmentation;object detection;random processes;unsupervised learning;video signal processing;Markov random field;color Gaussian mixture model;locality cue;monocular video;moving object detection;moving object segmentation;object color learning;sparse motion information;unsupervised algorithm;Application software;Cameras;Markov random fields;Motion detection;Motion estimation;Object detection;Object segmentation;Robustness;Surveillance;Video coding}, 
doi={10.1109/CVPR.2009.5206857}, 
ISSN={1063-6919}, 
month={June},}

// 2007_CVPR_Detection and segmentation of moving objects in highly dynamic scenes
@INPROCEEDINGS{4270269_2007_CVPR, 
author={A. Bugeau and P. Perez}, 
booktitle={IEEE Conf. on Comput. Vis. and Pattern Recognit. (CVPR)}, 
title={Detection and segmentation of moving objects in highly dynamic scenes}, 
year={2007}, 
pages={1-8}, 
keywords={bandwidth allocation;feature extraction;image motion analysis;image resolution;image segmentation;image sequences;object detection;pattern clustering;video signal processing;video surveillance;MAP-MRF framework;automatic bandwidth selection;computational cost reduction;dynamic scenes;foreground moving objects;image pixels;image sequences;mean shift clustering algorithm;moving camera;objects detection;objects segmentation;optical flow estimates;photometric features extraction;surveillance;video analysis;Computational efficiency;Feature extraction;Image segmentation;Layout;Noise robustness;Object detection;Optical noise;Photometry;Pixel;Surveillance}, 
doi={10.1109/CVPR.2007.383244}, 
ISSN={1063-6919}, 
month={June},}

// 2007_CVPR_benchmark_a benchmark for the comparison of 3-d motion segmentation algorithms.pdf
@INPROCEEDINGS{4269999, 
author={R. Tron and R. Vidal}, 
booktitle={Computer Vision and Pattern Recognition, 2007. CVPR '07. IEEE Conference on}, 
title={A Benchmark for the Comparison of 3-D Motion Segmentation Algorithms}, 
year={2007}, 
pages={1-8}, 
keywords={computer vision;image segmentation;image sequences;motion estimation;3D motion segmentation algorithm;image sequence;Application software;Benchmark testing;Cameras;Computer vision;Databases;Image segmentation;Layout;Motion segmentation;Statistical analysis;Traffic control}, 
doi={10.1109/CVPR.2007.382974}, 
ISSN={1063-6919}, 
month={June},}

// 2009_ROBIO_Detection of moving targets with a moving camera
@INPROCEEDINGS{5420591, 
author={Dongxiang Zhou and Liangfen Wang and Xuanping Cai and Yunhui Liu}, 
booktitle={Robotics and Biomimetics (ROBIO), 2009 IEEE International Conference on}, 
title={Detection of moving targets with a moving camera}, 
year={2009}, 
pages={677-681}, 
keywords={affine transforms;cameras;feature extraction;image matching;object detection;SIFT algorithm;affine transformation;background subtraction approach;dynamically-updated background model;features matching;foreground objects;moving camera;moving target detection;scale invariant feature transform;Biomedical optical imaging;Cameras;Image motion analysis;Image sequences;Layout;Motion estimation;Object detection;Robot vision systems;Tracking;Video surveillance}, 
doi={10.1109/ROBIO.2009.5420591}, 
month={Dec},}

// 2009_ICCV_background substraction for freely moving cameras
@INPROCEEDINGS{5459334_2009_ICCV, 
author={Sheikh, Y. and Javed, O. and Kanade, T.}, 
booktitle={IEEE Int. Conf. on Comput. Vis. (ICCV)}, 
title={Background Subtraction for Freely Moving Cameras}, 
year={2009}, 
pages={1219-1225}, 
keywords={video signal processing;2D image measurement;background appearance model;background subtraction algorithm;foreground appearance model;freely moving cameras;optimal pixel-wise background labeling;optimal pixel-wise foreground labeling;posterior function;sparse model;trajectory removal;Cameras}, 
doi={10.1109/ICCV.2009.5459334}, 
ISSN={1550-5499}, 
month={Sept},}

// 2010_MIP_a hybrid moving object detection method for aerial image
@incollection{2010_MIP_HUANG,
year={2010},
isbn={978-3-642-15701-1},
booktitle={Advances in Multimedia Information Processing - PCM 2010},
volume={6297},
series={Lecture Notes in Computer Science},
editor={Qiu, Guoping and Lam, KinMan and Kiya, Hitoshi and Xue, Xiang-Yang and Kuo, C.-C.Jay and Lew, MichaelS.},
doi={10.1007/978-3-642-15702-8_33},
title={A Hybrid Moving Object Detection Method for Aerial Images},
// url={http://dx.doi.org/10.1007/978-3-642-15702-8_33},
publisher={Springer Berlin Heidelberg},
keywords={moving object detection; aerial image; video surveillance; tracking; image segmentation},
author={Huang, Chung-Hsien and Wu, Yi-Ta and Kao, Jau-Hong and Shih, Ming-Yu and Chou, Cheng-Chuan},
pages={357-368},
language={English},
}

// 2010_CVPR_Warping Background Subtraction
@INPROCEEDINGS{5539813, 
author={Ko, T. and Soatto, S. and Estrin, D.}, 
booktitle={Computer Vision and Pattern Recognition (CVPR), 2010 IEEE Conference on}, 
title={Warping background subtraction}, 
year={2010}, 
pages={1331-1338}, 
keywords={image colour analysis;image resolution;background motion;background subtraction warping;color histograms;foreground objects;occluding layer;pixel intensity;pixel locations;pixel neighborhoods;warping layers;Deformable models;Histograms;Image generation;Layout;Lighting;Monitoring;Motion detection;Object detection;Pixel;Statistical distributions}, 
doi={10.1109/CVPR.2010.5539813}, 
ISSN={1063-6919}, 
month={June},}

// 2010_ROBIO_Realtime moving object detection from a freely moving monocular camera
@INPROCEEDINGS{5723575_2010_ROBIO, 
author={Kundu, A. and Jawahar, C.V. and Krishna, K.M.}, 
booktitle={IEEE Int. Conf. on Robot. and Biomimetics (ROBIO)}, 
title={Realtime moving object detection from a freely moving monocular camera}, 
year={2010}, 
pages={1635-1640}, 
keywords={SLAM (robots);cameras;mobile robots;object detection;probability;robot vision;freely moving monocular camera;geometric constraints;mobile robotic perception;probability framework;realtime independent motion detection algorithm;visual SLAM;Cameras;Feature extraction;Motion detection;Simultaneous localization and mapping;Three dimensional displays;Tracking;Visualization}, 
doi={10.1109/ROBIO.2010.5723575}, 
month={Dec},}

// 2010_ICPR_Detecting Moving Objects Using a Camera on a Moving Platform
@INPROCEEDINGS{5597415, 
author={Chung-Ching Lin and Wolf, M.}, 
booktitle={Pattern Recognition (ICPR), 2010 20th International Conference on}, 
title={Detecting Moving Objects Using a Camera on a Moving Platform}, 
year={2010}, 
pages={460-463}, 
keywords={genetic algorithms;motion estimation;object detection;probability;video cameras;background-foreground classification;ego-motion estimation;ellipsoid scene shape;genetic algorithm;motion model;motion recovery;motion vector correlation;moving camera;moving object detection;moving platform;pixel level probability model;video capturing;Cameras;Ellipsoids;Estimation;Mathematical model;Noise;Pixel;Videos;background subtraction;moving camera}, 
doi={10.1109/ICPR.2010.121}, 
ISSN={1051-4651}, 
month={Aug},}

2010_ECCV_Object Segmentation by Long Term Analysis of Point Trajectories.pdf
@Inbook{Brox2010,
author="Brox, Thomas
and Malik, Jitendra",
editor="Daniilidis, Kostas
and Maragos, Petros
and Paragios, Nikos",
chapter="Object Segmentation by Long Term Analysis of Point Trajectories",
title="Computer Vision -- ECCV 2010: 11th Eur. Conf. on Comput. Vis., Heraklion, Crete, Greece, September 5-11, 2010, Proceedings, Part V",
year="2010",
publisher="Springer Berlin Heidelberg",
address="Berlin, Heidelberg",
pages="282--295",
isbn="978-3-642-15555-0",
doi="10.1007/978-3-642-15555-0_21",
// url="http://dx.doi.org/10.1007/978-3-642-15555-0_21"
}

// 2010_MTA_A robust framework for joint backgroundforeground segmentation of complex video scenes filmed with freely moving camera
@article{amri2010robust,
year={2010},
issn={1380-7501},
journal={Multimedia Tools and Applications},
volume={46},
number={2-3},
doi={10.1007/s11042-009-0348-y},
title={A robust framework for joint background/foreground segmentation of complex video scenes filmed with freely moving camera},
// url={http://dx.doi.org/10.1007/s11042-009-0348-y},
publisher={Springer US},
keywords={Video segmentation; Motion compensation; Moving objects; Background; Shadow identification},
author={Amri, Slim and Barhoumi, Walid and Zagrouba, Ezzeddine},
pages={175-205},
language={English},}


// 2010_ICIP_Moving object detection under free-moving camera.pdf
@INPROCEEDINGS{5652848, 
author={Jiman Kim and Guensu Ye and Daijin Kim}, 
booktitle={Image Processing (ICIP), 2010 17th IEEE International Conference on}, 
title={Moving object detection under free-moving camera}, 
year={2010}, 
pages={4669-4672}, 
keywords={cameras;image classification;object detection;pattern clustering;camera motion;complex environments;free-moving camera;motion classification;motion clustering;moving object detection;object motion;Cameras;Clustering algorithms;Data models;Eigenvalues and eigenfunctions;Object detection;Optical scattering;Robot vision systems}, 
doi={10.1109/ICIP.2010.5652848}, 
ISSN={1522-4880}, 
month={Sept},}

// 2010_TPAMI_Robust Bilayer Segmentation and MotionDepth Estimation with a Handheld Camera
@ARTICLE{5482585_2010_TPAMI, 
author={G. Zhang and J. Jia and W. Hua and H. Bao}, 
journal={IEEE Trans. on Pattern Anal. and Mach. Intell.}, 
title={Robust Bilayer Segmentation and Motion/Depth Estimation with a Handheld Camera}, 
year={2011}, 
volume={33}, 
number={3}, 
pages={603-617}, 
keywords={cameras;feature extraction;image segmentation;motion estimation;optimisation;video signal processing;background scene;bilayer segmentation;depth estimation;handheld camera;motion estimation;object motion;optimization;planar perspective transformation;video sequence;Cameras;Data mining;Image motion analysis;Image segmentation;Layout;Motion estimation;Optical computing;Robustness;State estimation;Video sequences;Bilayer segmentation;depth recovery;motion estimation;video editing.;Algorithms;Artificial Intelligence;Color;Computer Simulation;Fractals;Image Enhancement;Image Interpretation, Computer-Assisted;Information Storage and Retrieval;Motion;Movement;Pattern Recognition, Automated;Phantoms, Imaging;Reproducibility of Results;Signal Processing, Computer-Assisted;Subtraction Technique;Video Recording}, 
doi={10.1109/TPAMI.2010.115}, 
ISSN={0162-8828}, 
month={March},}

// 2011_ICCV_Generalized background subtraction based on hybrid inference by belief propagation and Bayesian filtering
@INPROCEEDINGS{6126494_2011_ICCV, 
author={Suha Kwak and Taegyu Lim and Woonhyun Nam and Bohyung Han and Joon Hee Han}, 
booktitle={IEEE Int. Conf. on Comput. Vis. (ICCV)}, 
title={Generalized background subtraction based on hybrid inference by belief propagation and Bayesian filtering}, 
year={2011}, 
pages={2174-2181}, 
doi={10.1109/ICCV.2011.6126494}, 
ISSN={1550-5499}, 
month={Nov},}

// 2011_TIP_Geodesic Active FieldsâA Geometric Framework for Image Registration
@ARTICLE{5640671_2011_TIP, 
author={D. Zosso and X. Bresson and J. P. Thiran}, 
journal={IEEE Trans. on Image. Process.}, 
title={Geodesic Active Fields-A Geometric Framework for Image Registration}, 
year={2011}, 
volume={20}, 
number={5}, 
pages={1300-1312}, 
keywords={entropy;image registration;image segmentation;inverse problems;Polyakov energy;approximated absolute error;deformation field;geodesic active contour model;geodesic active fields;geometric framework;ill-posed inverse problem;image distance;image registration;image regularization term;image segmentation;local joint entropy;monomodal images;multiplicative coupling;multiscale images;reparametrization invariant registration method;squared error;weighted minimal surface problem;Deformable models;Harmonic analysis;Image edge detection;Image registration;Image segmentation;Mathematical model;Measurement;Biomedical image processing;computational geometry;differential geometry;diffusion equations;image registration;scale-spaces;surfaces;Algorithms;Image Enhancement;Image Processing, Computer-Assisted;Imaging, Three-Dimensional;Normal Distribution}, 
doi={10.1109/TIP.2010.2093904}, 
ISSN={1057-7149}, 
month={May},}

// 2011_TIP_ViBe A Universal Background Subtraction Algorithm for Video Sequences
@article{Barnich2011_2011_TIP,
author={Barnich, O. and Van Droogenbroeck, M.}, 
title={ ViBe: A Universal Background Subtraction Algorithm for Video Sequences}, 
journal={IEEE Trans. on Image. Process.}, 
year={2011}, 
month={June}, 
volume={20}, 
number={6}, 
pages={1709-1724}, 
keywords={image motion analysis;image sequences;computation speed;detection rate;downscaled version performance;motion detection;neighboring pixel background model;universal background subtraction algorithm;video sequences;Adaptation model;Computational modeling;Estimation;Image color analysis;Lighting;Pixel;Subtraction techniques;Background subtraction;computer vision;image motion analysis;image segmentation;learning (artificial intelligence);pixel classification;real-time systems;surveillance;video signal processing;vision and scene understanding;Algorithms;Artificial Intelligence;Image Enhancement;Image Interpretation, Computer-Assisted;Pattern Recognition, Automated;Reproducibility of Results;Sensitivity and Specificity;Signal Processing, Computer-Assisted;Subtraction Technique;Video Recording}, 
doi={10.1109/TIP.2010.2101613}, 
ISSN={1057-7149},}

// 2012_PR_Modeling and segmentation of floating foreground and background in videos
@article{Lim20121696_2012_PR,
title = "Modeling and segmentation of floating foreground and background in videos ",
journal = "Pattern Recognition ",
volume = "45",
number = "4",
pages = "1696 - 1706",
year = "2012",
note = "",
issn = "0031-3203",
doi = "http://dx.doi.org/10.1016/j.patcog.2011.10.018",
// url = "http://www.sciencedirect.com/science/article/pii/S0031320311004420",
author = "Taegyu Lim and Bohyung Han and Joon H. Han",
keywords = "Foreground/background segmentation",
keywords = "Motion estimation",
keywords = "Kernel density estimation",
keywords = "Graph-cut "
}

// 2012_ICPA_Motion segmentation of multiple objects from a freely moving monocular camera
@INPROCEEDINGS{6224800, 
author={Namdev, R.K. and Kundu, A. and Krishna, K.M. and Jawahar, C.V.}, 
booktitle={Robotics and Automation (ICRA), 2012 IEEE International Conference on}, 
title={Motion segmentation of multiple objects from a freely moving monocular camera}, 
year={2012}, 
pages={4092-4099}, 
keywords={SLAM (robots);image motion analysis;image segmentation;image sensors;object detection;collision avoidance;dense optical flow algorithm;dense tracking;dynamic worlds;freely moving monocular camera;geometry view;inevitable component;mobile robotic systems;motion segmentation;multiple objects;optical flow and;visual SLAM modules;Cameras;Computer vision;Geometrical optics;Image segmentation;Motion segmentation;Optical imaging;Tracking}, 
doi={10.1109/ICRA.2012.6224800}, 
ISSN={1050-4729}, 
month={May},}

// 2012_ACCV_Online Learning for Fast Segmentation of Moving Objects
@INPROCEEDINGS{ellis2013online_2012_ACCV,
  title={Online learning for fast segmentation of moving objects},
  author={Ellis, Liam and Zografos, Vasileios},
  booktitle={Asian Conference on Computer Vision (ACCV)},
  pages={52--65},
  year={2013},
  publisher={Springer}
}

// 2012_ECCV_Detection of Independently Moving Objects in Non-planar Scenes via Multi-Frame Monocular Epipolar Constraint.pdf
@INPROCEEDINGS{Dey2012_2012_ECCV,
author="Dey, Soumyabrata
and Reilly, Vladimir
and Saleemi, Imran
and Shah, Mubarak",
title={Detection of Independently Moving Objects in Non-planar Scenes via Multi-Frame Monocular Epipolar Constraint},
booktitle={Eur. Conf. on Comput. Vis. (ECCV)},
year={2012},
pages="860--873",
isbn="978-3-642-33715-4",
doi="10.1007/978-3-642-33715-4_62",
}

// 2012_ECCV_online moving camera background subtraction
@INPROCEEDINGS{elqursh2012online_2012_ECCV,
  title={Online moving camera background subtraction},
  author={Elqursh, Ali and Elgammal, Ahmed},
  booktitle={Eur. Conf. on Comput. Vis. (ECCV)},
  pages={228--241},
  year={2012},
  publisher={Springer}
}

// 2012_ACCV_A Benchmark Dataset for Outdoor ForegroundBackground Extraction
@incollection{2012_ACCV_BMS,
year={2013},
isbn={978-3-642-37409-8},
booktitle={Computer Vision - ACCV 2012 Workshops},
volume={7728},
series={Lecture Notes in Computer Science},
editor={Park, Jong-Il and Kim, Junmo},
// doi={10.1007/978-3-642-37410-4_25},
title={A Benchmark Dataset for Outdoor Foreground/Background Extraction},
// url={http://dx.doi.org/10.1007/978-3-642-37410-4_25},
publisher={Springer Berlin Heidelberg},
author={Vacavant, Antoine and Chateau, Thierry and Wilhelm, Alexis and LequiÃ¨vre, Laurent},
pages={291-300},
language={English}
}

// 2012_ECCV_Background Subtraction Using Low Rank and Group Sparsity Constraints.pdf
@INPROCEEDINGS{Cui2012_2012_ECCV,
author="Cui, Xinyi
and Huang, Junzhou
and Zhang, Shaoting
and Metaxas, Dimitris N.",
title={Background Subtraction Using Low Rank and Group Sparsity Constraints}, 
booktitle={Eur. Conf. on Comput. Vis. (ECCV)},
year={2012},
pages="612--625",
isbn="978-3-642-33718-5",
}

// 2012_ICCCT_A robust background subtraction approach with a moving camera
@INPROCEEDINGS{6530485, 
author={Xiaochun Zou and Xinbo Zhao and Zheru Chi}, 
booktitle={Computing and Convergence Technology (ICCCT), 2012 7th International Conference on}, 
title={A robust background subtraction approach with a moving camera}, 
year={2012}, 
pages={1026-1029}, 
keywords={cameras;feature extraction;image reconstruction;image sequences;motion estimation;complex camera motion;feature-based camera motion estimation;foreground separation;globe scene change;image sequences;local scene change;moving background scene;moving camera;moving object extraction;object boundary;panorama reconstruction;risk maps;robust background subtraction approach;Background Subtraction;Motion Estimation;Panorama Reconstruction}, 
month={Dec},}

// 2013_MVA_ Detection of moving objects with a moving camera using non-panoramic background mode
@article{kim2013detection,
  title={Detection of moving objects with a moving camera using non-panoramic background model},
  author={Kim, Soo Wan and Yun, Kimin and Yi, Kwang Moo and Kim, Sun Jung and Choi, Jin Young},
  journal={Machine vision and applications},
  volume={24},
  number={5},
  pages={1015--1028},
  year={2013},
  publisher={Springer}
}

// 2013_MVA_Panoramic Gaussian Mixture Model and large-scale range background substraction method for PTZ camera-based surveillance systems.
@article{xue2013panoramic,
  title={Panoramic Gaussian Mixture Model and large-scale range background substraction method for PTZ camera-based surveillance systems},
  author={Xue, Kang and Liu, Yue and Ogunmakin, Gbolabo and Chen, Jing and Zhang, Jiangen},
  journal={Machine vision and applications},
  volume={24},
  number={3},
  pages={477--492},
  year={2013},
  publisher={Springer}
}

// 2013_IAS_Moving Region Segmentation Using Sparse Motion Cue from a Moving Camera
@article{kang2013moving,
  title={Moving region segmentation using sparse motion cue from a moving camera},
  author={Kang, Jungwon and Kim, Sijong and Oh, Taek Jun and Chung, Myung Jin},
  journal={Intelligent Autonomous Systems 12},
  pages={257--264},
  year={2013},
  publisher={Springer}
}

// 2013_ICCV_Coherent Motion Segmentation in Moving Camera Videos Using Optical Flow Orientations.pdf
@INPROCEEDINGS{6751306_2013_ICCV, 
author={Narayana, M. and Hanson, A. and Learned-Miller, E.}, 
booktitle={IEEE Int. Conf. on Comput. Vis. (ICCV)}, 
title={Coherent Motion Segmentation in Moving Camera Videos Using Optical Flow Orientations}, 
year={2013}, 
pages={1577-1584}, 
keywords={image colour analysis;image motion analysis;image segmentation;image sequences;video cameras;video signal processing;coherent motion segmentation;color features;complex background scenes;depth-dependent scene segmentation;image plane pixel motion;moving camera videos;observed independent motions;occasional error correction;optical flow orientation;orientation-based segmentation;pixel clustering;probabilistic model;real-world motion;static object identification;video sequence;Adaptive optics;Cameras;Image color analysis;Motion segmentation;Optical imaging;Trajectory;Videos;Motion segmentation;object detection;optical flow;tracking}, 
doi={10.1109/ICCV.2013.199}, 
ISSN={1550-5499}, 
month={Dec},}

// 2013_CVPR_A Fully Connected Layered Model of Foreground and Background Flow
@INPROCEEDINGS{6619161_2013_CVPR, 
author={Deqing Sun and Wulff, J. and Sudderth, E.B. and Pfister, H. and Black, M.J.}, 
booktitle={IEEE Conf. on Comput. Vis. and Pattern Recognit. (CVPR)}, 
title={A Fully-Connected Layered Model of Foreground and Background Flow}, 
year={2013}, 
pages={2451-2458}, 
keywords={Gaussian processes;Markov processes;benchmark testing;correlation methods;image segmentation;inference mechanisms;motion estimation;natural scenes;optimisation;Ising-Potts models;background flow;figure-ground layers;foreground flow;fully-connected conditional random fields;fully-connected graphical models;fully-connected layered model;global reasoning;high-dimensional Gaussian filtering;inference algorithm;layered flow model;layered motion methods;locally connected MRF models;locally-connected layered models;long-range connections;long-range correlations;motion estimation;natural scenes;occlusion regions;real object segmentations;scene segmentation;scene structure;Approximation algorithms;Approximation methods;Computational modeling;Estimation;Image segmentation;Motion segmentation;Optical imaging}, 
doi={10.1109/CVPR.2013.317}, 
ISSN={1063-6919}, 
month={June},}

// 2014_IROS_Detection of small moving objects using a moving camera
@INPROCEEDINGS{6942942, 
author={Shakeri, M. and Hong Zhang}, 
booktitle={Intelligent Robots and Systems (IROS 2014), 2014 IEEE/RSJ International Conference on}, 
title={Detection of small moving objects using a moving camera}, 
year={2014}, 
pages={2777-2782}, 
keywords={Gaussian processes;hidden Markov models;image segmentation;image sensors;mixture models;motion estimation;object detection;object tracking;particle filtering (numerical methods);Gaussian mixture model;HMM;background subtraction methods;camera motion;complicated nonflat scenes;component based methods;hidden Markov model;motion compensation;motion estimation;moving camera;moving object segmentation;moving object tracking;particle filter;pixel based methods;potential foreground pixels extraction;robust method;small moving objects detection;two-level registration;videos;vision systems;Cameras;Computational modeling;Hidden Markov models;Splines (mathematics);Tracking;Videos;Wavelet transforms}, 
doi={10.1109/IROS.2014.6942942}, 
month={Sept},}

// 2014_ECCV_A Multi-Transformational Model for Background Subtraction with Moving Cameras
@incollection{zamalieva2014multi_2014_ECCV,
  title={A multi-transformational model for background subtraction with moving cameras},
  author={Zamalieva, Daniya and Yilmaz, Alper and Davis, James W},
  booktitle={Eur. Conf. on Comput. Vis. (ECCV)},
  pages={803--817},
  year={2014},
  publisher={Springer}
}

// 2014_ROBIO_Moving object detection under moving camera by using normal flows
@INPROCEEDINGS{7090719_2014_ROBIO, 
author={Ding Yuan and Yalong Yu}, 
booktitle={IEEE Int. Conf. on Robot. and Biomimetics (ROBIO)}, 
title={Moving object detection under moving camera by using normal flows}, 
year={2014}, 
pages={2517-2522}, 
keywords={cameras;computer vision;image sequences;object detection;artificial constraints;computer vision;continuity assumption;image frames;image sequence data;inferring optical flows;moving camera;moving object detection;normal flows;synthetic image data;Cameras;Computer vision;Image motion analysis;Image sequences;Labeling;Object detection;Optical imaging;camera motion;moving object detection;normal flow;optical flow}, 
doi={10.1109/ROBIO.2014.7090719}, 
month={Dec},}

// 2014_ICRAIE_Moving object detection with moving background using optic flow
@INPROCEEDINGS{6909190, 
author={Patel, M.P. and Parmar, S.K.}, 
booktitle={Recent Advances and Innovations in Engineering (ICRAIE), 2014}, 
title={Moving object detection with moving background using optic flow}, 
year={2014}, 
pages={1-6}, 
keywords={cameras;image motion analysis;image sequences;nonlinear filters;object detection;vector quantisation;video surveillance;Lucas-Kanade optical flow algorithm;bilateral filter;camera motion;complex background;flow vector quantization;motion vectors;moving background;moving object detection;object motion;steady background;video surveillance systems;Adaptive optics;Optical imaging;Optical flow;Thresholding;bilateral filtering;motion vector;object detection}, 
doi={10.1109/ICRAIE.2014.6909190}, 
month={May},}


// 2014_CVIU_Background subtraction for the moving camera A geometric approach
@article{Zamalieva201473_2014_CVIU,
title = "Background subtraction for the moving camera: A geometric approach ",
journal = "Comput. Vis. and Image Und. ",
volume = "127",
number = "",
pages = "73 - 85",
year = "2014",
note = "",
issn = "1077-3142",
doi = "http://dx.doi.org/10.1016/j.cviu.2014.06.007",
// url = "http://www.sciencedirect.com/science/article/pii/S1077314214001349",
author = "Daniya Zamalieva and Alper Yilmaz",
keywords = "Background subtraction",
keywords = "Object detection",
keywords = "Camera motion",
keywords = "View geometry "
}

// 2014_CVPR_Saliency Optimization from Robust Background Detection
@INPROCEEDINGS{6909756_2014_CVPR, 
author={W. Zhu and S. Liang and Y. Wei and J. Sun}, 
booktitle={IEEE Conf. on Comput. Vis. and Pattern Recognit. (CVPR)}, 
title={Saliency Optimization from Robust Background Detection}, 
year={2014}, 
pages={2814-2821}, 
keywords={image processing;object detection;optimisation;boundary connectivity;image boundaries;image regions;robust background detection;robust background measure;saliency optimization;salient object detection;Benchmark testing;Image color analysis;Layout;Object detection;Optimization;Robustness}, 
doi={10.1109/CVPR.2014.360}, 
month={June},}

// 2014_CVPR_Subspace Tracking under Dynamic Dimensionality for Online Background.pdf
@INPROCEEDINGS{6909562_2014_CVPR, 
author={Berger, M. and Seversky, L.M.}, 
booktitle={IEEE Conf. on Comput. Vis. and Pattern Recognit. (CVPR)}, 
title={Subspace Tracking under Dynamic Dimensionality for Online Background Subtraction}, 
year={2014}, 
pages={1274-1281}, 
keywords={image motion analysis;object tracking;video signal processing;background motion modeling;dynamic dimensionality;dynamic point trajectory;linear subspace tracking;online background subtraction;subspace estimation;Cameras;Computer vision;Motion segmentation;Robustness;Tracking;Trajectory;Videos;background subtraction;subspace tracking}, 
doi={10.1109/CVPR.2014.166}, 
month={June},}

// 2014_ICIP_Foreground object segmentation for moving camera sequences based on foreground-background probabilistic models and prior probability maps
@INPROCEEDINGS{7025670, 
author={Gallego, J. and Bertolino, P.}, 
booktitle={Image Processing (ICIP), 2014 IEEE International Conference on}, 
title={Foreground object segmentation for moving camera sequences based on foreground-background probabilistic models and prior probability maps}, 
year={2014}, 
pages={3312-3316}, 
keywords={Bayes methods;Gaussian processes;cameras;image classification;image segmentation;image sequences;mixture models;object detection;Bayesian classification;Gaussian mixture model;MAP-MRF framework;background classes;background region;classification process;false negative detections;false positive detections;foreground classes;foreground object segmentation;foreground segregation;foreground-background probabilistic model;global background;graph-cut regularization;moving camera sequences;pixel-wise color GMM;prior probability maps;region-based models;Cameras;Computational modeling;Image color analysis;Image segmentation;Motion segmentation;Object segmentation;Probabilistic logic;Object segmentation;SCGMM;moving camera segmentation;spatial prior probability maps}, 
doi={10.1109/ICIP.2014.7025670}, 
month={Oct},}

// 2014_ICGIP_Detecting Moving Objects under a Moving Camera in Complex Environments
@inproceedings{zhang2015detecting,
  title={Detecting moving objects under a moving camera in complex environments},
  author={Zhang, Genyuan and Yu, Qin and Yang, Sisi and Zhou, Hong},
  booktitle={Sixth International Conference on Graphic and Image Processing (ICGIP 2014)},
  pages={94430I--94430I},
  year={2015},
  organization={International Society for Optics and Photonics}
}

// 2014_MVA_Dynamic image mosaic via SIFT and dynamic programming
@article{2014_MVA_SIFTP,
year={2014},
issn={0932-8092},
journal={Machine Vision and Applications},
volume={25},
number={5},
doi={10.1007/s00138-013-0551-8},
title={Dynamic image mosaic via SIFT and dynamic programming},
// url={http://dx.doi.org/10.1007/s00138-013-0551-8},
publisher={Springer Berlin Heidelberg},
keywords={Image mosaic; SIFT matching; Dynamic programming; Ghosting effect},
author={Zeng, Lin and Zhang, Shengping and Zhang, Jun and Zhang, Yunlu},
pages={1271-1282},
language={English}
}

// 2014_TPAMI_Segmentation of Moving Objects by Long Term.pdf
@ARTICLE{6682905_2014_TPAMI, 
author={P. Ochs and J. Malik and T. Brox}, 
journal={IEEE Trans. on Pattern Anal. and Mach. Intell.}, 
title={Segmentation of Moving Objects by Long Term Video Analysis}, 
year={2014}, 
volume={36}, 
number={6}, 
pages={1187-1200}, 
keywords={image motion analysis;image segmentation;image sequences;FBMS dataset;Freiburg-Berkeley motion segmentation dataset;long term video analysis;moving object segmentation;pixel-accurate ground truth moving object annotation;point trajectories;semidense motion cues;textureless areas;time windows;two-frame optical flow;unsupervised object-level grouping;Adaptive optics;Computer vision;Motion segmentation;Noise;Optical imaging;Tracking;Trajectory;Computer vision;Motion segmentation;motion segmentation;point trajectories;variational methods}, 
doi={10.1109/TPAMI.2013.242}, 
ISSN={0162-8828}, 
month={June},}


// 2014_CSR_Traditional and recent approaches in background modeling for foreground detection_An overview
@article{Bouwmans201431,
author = "Bouwmans T",
title = "Traditional and recent approaches in background modeling for foreground detection: An overview ",
journal = "Comput. Sci. Rev. ",
volume = "11â12",
number = "",
pages = "31 - 66",
year = "2014",
note = "",
issn = "1574-0137",
doi = "http://dx.doi.org/10.1016/j.cosrev.2014.04.001",
// url = "http://www.sciencedirect.com/science/article/pii/S1574013714000033",
author = "Thierry Bouwmans",
keywords = "Background subtraction",
keywords = "Background modeling",
keywords = "Background initialization",
keywords = "Background maintenance",
keywords = "Foreground detection "
}


// 2015_SP_Autonomous detection and tracking under illumination changes, occlusions and moving camera
@article{Bhaskar2015343,
title = "Autonomous detection and tracking under illumination changes, occlusions and moving camera ",
journal = "Signal Processing ",
volume = "117",
number = "",
pages = "343 - 354",
year = "2015",
note = "",
issn = "0165-1684",
doi = "http://dx.doi.org/10.1016/j.sigpro.2015.06.003",
// url = "http://www.sciencedirect.com/science/article/pii/S0165168415002029",
author = "Harish Bhaskar and Kartik Dwivedi and Debi Prosad Dogra and Mohammed Al-Mualla and Lyudmila Mihaylova",
keywords = "Target detection",
keywords = "Tracking",
keywords = "Illumination variations",
keywords = "Occlusion",
keywords = "Camera movements",
keywords = "Reverse analysis",
keywords = "Rao-Blackwellized particle filter",
keywords = "Likelihood model "
}

// 2015_ICME_Learning sharable models for robust background subtraction
@INPROCEEDINGS{2015_ICME_ShareModel, 
author={Yingying Chen and Jinqiao Wang and Hanqing Lu}, 
booktitle={Multimedia and Expo (ICME), 2015 IEEE International Conference on}, 
title={Learning sharable models for robust background subtraction}, 
year={2015}, 
pages={1-6}, 
keywords={Gaussian processes;computer vision;image denoising;image matching;mixture models;ChangeDetection benchmark dataset;Gaussian mixture modeling;background sharable models;background subtraction;computer vision;foreground sharable models;moving object integrity enhancement;noise elimination;pixels-models many-to-one relationship;sharable GMM model;Adaptation models;Benchmark testing;Computational modeling;Correlation;Noise;Robustness;Switches;Background modeling;GMM}, 
doi={10.1109/ICME.2015.7177419}, 
month={June},}


@ARTICLE{7303924_2015_TCSVT, 
author={Y. Wu and X. He and T. Q. Nguyen}, 
journal={IEEE Trans. Circuits Syst. Video Technol.}, 
title={Moving Object Detection With a Freely Moving Camera via Background Motion Subtraction}, 
year={2017}, 
volume={27}, 
number={2}, 
pages={236-248}, 
keywords={computer vision;image motion analysis;image restoration;image segmentation;image sequences;object detection;video signal processing;BG;CFG region;adaptive thresholding method;background motion subtraction;coarse foreground region;coarse-to-fine thresholding scheme;complex background-foreground probabilistic model;computer vision;fast inpainting method;geometric constraints;image reconstruction;mean-shift segmentation method;moving object detection;video sequence;Cameras;Matrix decomposition;Motion segmentation;Object detection;Probabilistic logic;Three-dimensional displays;Trajectory;Moving camera;moving object detection;particle trajectories;thresholding}, 
doi={10.1109/TCSVT.2015.2493499}, 
ISSN={1051-8215}, 
month={Feb},}




// 2015_IJMUE_video background subtraxtion algorithm for a moving camera
@article{li2015video,
  title={Video Background Subtraction Algorithm for a Moving Camera},
  author={Li, Jinjiang and Guo, Jie and Fan, Hui},
  journal={International Journal of Multimedia and Ubiquitous Engineering},
  volume={10},
  number={8},
  pages={83--96},
  year={2015},
  publisher={ë³´ìê³µíì°êµ¬ì§ìì¼í° (IJMUE)}
}

// 2015_EUROCON_Moving object detection by a mounted moving camera
@INPROCEEDINGS{7313714, 
author={Sincan, O.M. and Ajabshir, V.B. and Keles, H.Y. and Tosun, S.}, 
booktitle={EUROCON 2015 - International Conference on Computer as a Tool (EUROCON), IEEE}, 
title={Moving object detection by a mounted moving camera}, 
year={2015}, 
pages={1-6}, 
keywords={cameras;image sequences;object detection;video signal processing;video surveillance;consecutive video frame;mounted moving camera;moving object detection;moving object detection algorithm;optical flow vector;pyramidal Lucas-Kanade method;stationary mounted camera;video sequence;video surveillance system;Adaptation models;Cameras;Lighting;Object detection;Optical imaging;Surveillance;Videos}, 
doi={10.1109/EUROCON.2015.7313714}, 
month={Sept},}

@INPROCEEDINGS{6238919, 
author={Goyette, N. and Jodoin, P. and Porikli, F. and Konrad, J. and Ishwar, P.}, 
booktitle={Computer Vision and Pattern Recognition Workshops (CVPRW), 2012 IEEE Computer Society Conference on}, 
title={Changedetection.net: A new change detection benchmark dataset}, 
year={2012}, 
pages={1-8}, 
keywords={computer vision;image sequences;object detection;video signal processing;change detection benchmark dataset;changedetection.net;computer vision;dataset quantitative performance metrics;ground-truth background;ground-truth foreground;shadow area boundaries;video processing;video sequences;Benchmark testing;Cameras;Change detection algorithms;Detection algorithms;Gray-scale;Measurement;Positron emission tomography}, 
doi={10.1109/CVPRW.2012.6238919}, 
ISSN={2160-7508}, 
month={June},}


@ARTICLE{6205760_2012_TPAMI, 
author={Achanta, R. and Shaji, A. and Smith, K. and Lucchi, A. and Fua, P. and SuÌsstrunk, S.}, 
journal={IEEE Trans. on Pattern Anal. and Mach. Intell.}, 
title={SLIC Superpixels Compared to State-of-the-Art Superpixel Methods}, 
year={2012}, 
volume={34}, 
number={11}, 
pages={2274-2282}, 
keywords={computer vision;image segmentation;iterative methods;pattern clustering;SLIC superpixels;computer vision;image boundary;k-means clustering approach;memory efficiency;segmentation performance;simple linear iterative clustering;superpixel generation;supervoxel generation;Approximation algorithms;Clustering algorithms;Complexity theory;Image color analysis;Image edge detection;Image segmentation;Measurement uncertainty;Superpixels;clustering;k-means;segmentation;Algorithms;Image Enhancement;Image Interpretation, Computer-Assisted;Pattern Recognition, Automated;Reproducibility of Results;Sensitivity and Specificity;Signal Processing, Computer-Assisted}, 
doi={10.1109/TPAMI.2012.120}, 
ISSN={0162-8828}, 
month={Nov},}

@article{Lim20121696,
title = "Modeling and segmentation of floating foreground and background in videos ",
journal = "Pattern Recognition ",
volume = "45",
number = "4",
pages = "1696 - 1706",
year = "2012",
note = "",
issn = "0031-3203",
doi = "http://dx.doi.org/10.1016/j.patcog.2011.10.018",
// url = "http://www.sciencedirect.com/science/article/pii/S0031320311004420",
author = "Taegyu Lim and Bohyung Han and Joon H. Han",
keywords = "Foreground/background segmentation",
keywords = "Motion estimation",
keywords = "Kernel density estimation",
keywords = "Graph-cut ",
abstract = "We propose an on-line algorithm to segment foreground from background in videos captured by a moving camera. In our algorithm, temporal model propagation and spatial model composition are combined to generate foreground and background models, and likelihood maps are computed based on the models. After that, an energy minimization technique is applied to the likelihood maps for segmentation. In the temporal step, block-wise models are transferred from the previous frame using motion information, and pixel-wise foreground/background likelihoods and labels in the current frame are estimated using the models. In the spatial step, another block-wise foreground/background models are constructed based on the models and labels given by the temporal step, and the corresponding per-pixel likelihoods are also generated. A graph-cut algorithm performs segmentation based on the foreground/background likelihood maps, and the segmentation result is employed to update the motion of each segment in a block; the temporal model propagation and the spatial model composition step are re-evaluated based on the updated motions, by which the iterative procedure is implemented. We tested our framework with various challenging videos involving large camera and object motions, significant background changes and clutters. "
}

@INPROCEEDINGS{6126397_2011_ICCV, 
author={Shandong Wu and Oreifej, O. and Shah, M.}, 
booktitle={IEEE Int. Conf. on Comput. Vis. (ICCV)}, 
title={Action recognition in videos acquired by a moving camera using motion decomposition of Lagrangian particle trajectories}, 
year={2011}, 
pages={1419-1426}, 
keywords={cameras;chaos;image recognition;image sequences;motion compensation;object detection;support vector machines;tracking;video signal processing;APHill;ARG;Lagrangian particle trajectory;SVM;aerial datasets;camera-induced component;chaotic invariant features;ensemble motion capturing;human action recognition;low rank optimization;motion compensation;motion decomposition;moving camera;moving object detection;object tracking;object-induced component;optical flow;tracking stage;trajectory decomposition;video;Equations}, 
doi={10.1109/ICCV.2011.6126397}, 
ISSN={1550-5499}, 
month={Nov},}

@article{richard2003multiple,
  title={Multiple View Geometry in Computer Vision Cambridge University Press},
  author={Richard, Hartley and Andrew, Zisserman},
  journal={ISBN},
  volume={521},
  number={54051},
  pages={8},
  year={2003}
}

***********************************************************
the compare algorithms in the CDNet
***********************************************************
// 2015_ICIP_background subtraction for static & moving camera
@INPROCEEDINGS{7351664, 
author={Sajid, Hasan and Cheung, Sen-ching Samson}, 
booktitle={Image Processing (ICIP), 2015 IEEE International Conference on}, 
title={Background subtraction for static amp; moving camera}, 
year={2015}, 
pages={4530-4534}, 
keywords={Cameras;Change detection algorithms;Classification algorithms;Image color analysis;Lighting;Training;Videos;Background Subtraction;background model bank;background modelling;binary classifiers}, 
doi={10.1109/ICIP.2015.7351664}, 
month={Sept},}

@inproceedings{allebosch2015efic,
  title={EFIC: Edge Based Foreground Background Segmentation and Interior Classification for Dynamic Camera Viewpoints},
  author={Allebosch, Gianni and Deboeverie, Francis and Veelaert, Peter and Philips, Wilfried},
  booktitle={Advanced Concepts for Intelligent Vision Systems},
  pages={130--141},
  year={2015},
  organization={Springer}
}

@ARTICLE{Multimode_Background_Subtraction,
  title={Universal Multimode Background Subtraction},
  author={Hasan Sajid and Sen-Ching Samson Cheung},
  journal={Submitted to Image Processing, IEEE Transactions on},
  year={2015},
}


@ARTICLE{2015_IUTIS_5,
  title={How far can you get by combining change detection algorithms?},
  author={S. Bianco, G. Ciocca, R. Schettini},
  journal={Submitted to Image Processing, IEEE Transactions on},
  year={2015, (arXiv:1505.02921)},
}

@inproceedings{2015_C_EFIC,
  title={C-EFIC: Color and Edge based Foreground background segmentation with Interior Classification},
  author={G. Allebosch, D. Van Hamme, F. Deboeverie, P. Veelaert, and W. Philips},
  booktitle={submitted to Computer Vision, Imaging and Computer Graphics Theory and Applications, Revised Selected Papers},
  pages={130--141},
  year={2015},
}

@INPROCEEDINGS{Charles2015PAWCS,
author={St-Charles, P.-L. and Bilodeau, G.-A. and Bergevin, R.}, 
booktitle={Applications of Computer Vision (WACV), 2015 IEEE Winter Conference on}, 
title={A Self-Adjusting Approach to Change Detection Based on Background Word Consensus}, 
year={2015}, 
pages={990-997}, 
keywords={feature extraction;image segmentation;image sequences;object detection;video signal processing;video surveillance;Change Detection.net dataset;OpenCV;PAWCS method;background word consensus;change detection;color feature;dictionary model;feedback mechanism;foreground background segmentation;local binary feature;pixel-level segmentation behavior;self-adjusting approach;video surveillance application;word based approach;Adaptation models;Color;Dictionaries;Dynamics;Image color analysis;Lighting;Sensitivity}, 
doi={10.1109/WACV.2015.137}, 
month={Jan},}



// [1]
@article{Bouwmans2014,
author = "Thierry Bouwmans",
title = "Traditional and recent approaches in background modeling for foreground detection: An overview ",
journal = "Computer Science Review ",
volume = "11â12",
number = "",
pages = "31 - 66",
year = "2014",
note = "",
issn = "1574-0137",
doi = "http://dx.doi.org/10.1016/j.cosrev.2014.04.001",
// url = "http://www.sciencedirect.com/science/article/pii/S1574013714000033",
keywords = "Background subtraction",
keywords = "Background modeling",
keywords = "Background initialization",
keywords = "Background maintenance",
keywords = "Foreground detection "
}

// [2]
@article{Chen2014,
author = "Zezhi Chen and TimEllis",
title = "A self-adaptive Gaussian mixture model ",
journal = "Comput. Vis. and Image Und. ",
volume = "122",
number = "",
pages = "35 - 46",
year = "2014",
note = "",
issn = "1077-3142",
doi = "http://dx.doi.org/10.1016/j.cviu.2014.01.004",
// url = "http://www.sciencedirect.com/science/article/pii/S1077314214000113",
author = "Zezhi Chen and Tim Ellis",
keywords = "Background subtraction",
keywords = "Gaussian mixture model",
keywords = "Shadow removal",
keywords = "Illumination sadden change",
keywords = "Object detection "
}

// [3]
@article{Han2012,
author={Bohyung Han and Davis, L.S.}, 
journal={IEEE Trans. on Pattern Anal. and Mach. Intell.}, 
title={Density-Based Multifeature Background Subtraction with Support Vector Machine}, 
year={2012}, 
month={May}, 
volume={34}, 
number={5}, 
pages={1017-1023}, 
keywords={Haar transforms;cameras;computer vision;feature extraction;image segmentation;object detection;support vector machines;vectors;Haar-like feature;background likelihood vector;binary segmentation algorithm;density-based multifeature background subtraction technique;discriminative technique;high-level computer vision application;illumination change;kernel density approximation;object detection;pixelwise generative background modeling techniques;spatial variation;spatio-temporal variation;static camera;support vector machine;Computational modeling;Convergence;Density functional theory;Image color analysis;Kernel;Support vector machines;Vectors;Background modeling and subtraction;Haar-like features;kernel density approximation.;support vector machine}, 
doi={10.1109/TPAMI.2011.243}, 
ISSN={0162-8828},}

// [4]
@article{Radke2005,
author = {Radke, R J and Andra, S and Al-Kofahi, O and Roysam, B},
doi = {10.1109/TIP.2004.838698},
isbn = {1057-7149 VO - 14},
journal = {IEEE Trans. on Image. Process.},
keywords = {Algorithms,Animals,Artificial Intelligence,Automated,Background modeling,Biological,Change detection algorithms,Computer-Assisted,Data Collection,Detection algorithms,Humans,Image Enhancement,Image Interpretation,Imaging,Information Storage and Retrieval,Layout,Medical diagnosis,Medical treatment,Models,Numerical Analysis,Pattern Recognition,Predictive models,Remote sensing,Signal Processing,Subtraction Technique,Surveillance,System testing,Three-Dimensional,Underwater tracking,change detection,change mask,hypothesis testing,illumination invariance,image change detection algorithm,image classification,mixture models,predictive model,predictive models,shading model,significance testing,systematic survey},
number = {3},
pages = {294--307},
title = {{Image change detection algorithms: a systematic survey}},
volume = {14},
year = {2005}
}

// [5]
@article{Li2004,
author = {Li, Liyuan and Huang, Weimin and Gu, Irene Yu Hua and Tian, Qi},
doi = {10.1109/TIP.2004.836169},
isbn = {1057-7149 (Print)},
issn = {10577149},
journal = {IEEE Trans. on Image. Process.},
number = {11},
pages = {1459--1472},
pmid = {15540455},
title = {{Statistical modeling of complex backgrounds for foreground object detection}},
volume = {13},
year = {2004}
}

// [6]
@article{Heikkila2006,
author = {Heikkila, M and Pietikainen, M},
doi = {10.1109/TPAMI.2006.68},
file = {:D$\backslash$:/paper/Texture.pdf:pdf},
isbn = {0162-8828 VO - 28},
journal = {IEEE Trans. on Pattern Anal. and Mach. Intell.},
keywords = {Algorithms,Artificial Intelligence,Automated,Biological,Cameras,Computer-Assisted,Gaussian distribution,Histograms,Image Enhancement,Image Interpretation,Imaging,Information Storage and Retrieval,Jitter,Layout,Lighting,Models,Motion,Movement,Object detection,Pattern Recognition,Photography,Reproducibility of Results,Sensitivity and Specificity,Statistics,Subtraction Technique,Three-Dimensional,Vegetation,Video Recording,Video sequences,adaptive local binary pattern histograms,background modeling,background subtraction,image sequences,image texture,local binary pattern.,motion estimation,moving object detection,object detection,texture,texture-based method,video sequence,video signal processing},
number = {4},
pages = {657--662},
title = {{A texture-based method for modeling the background and detecting moving objects}},
volume = {28},
year = {2006}
}

// [7]
@article{Wren1997,
author={Wren, C.R. and Azarbayejani, A. and Darrell, T. and Pentland, A.P.}, 
journal={IEEE Trans. on Pattern Anal. and Mach. Intell.}, 
title={Pfinder: real-time tracking of the human body}, 
year={1997}, 
month={Jul}, 
volume={19}, 
number={7}, 
pages={780-785}, 
keywords={image coding;image colour analysis;image representation;image segmentation;video signal processing;2D representation;Pfinder;behavior interpretation;human body;low-bandwidth coding;multiclass statistical model;people tracking;real-time system;standard SGI Indy computer;video databases;wireless interfaces;Biological system modeling;Communication system security;Hardware;Head;Humans;Image segmentation;Pixel;Real time systems;Video compression;Virtual reality}, 
doi={10.1109/34.598236}, 
ISSN={0162-8828},}

// [8]
@INPROCEEDINGS{Stauffer1999,
author={Stauffer, Chris and Grimson, W.E.L.}, 
booktitle={Proc. IEEE Conf. on Comput. Vis. and Pattern Recognit.}, 
title={Adaptive background mixture models for real-time tracking}, 
year={1999}, 
month={}, 
volume={2}, 
pages={-252 Vol. 2}, 
keywords={image segmentation;image sequences;real-time systems;tracking;adaptive background mixture models;background subtraction;image sequences;real-time segmentation;real-time tracking;thresholding;Adaptive systems;Artificial intelligence;Gaussian distribution;Image segmentation;Image sequences;Laboratories;Layout;Robustness;Tracking;Vehicle detection}, 
doi={10.1109/CVPR.1999.784637}, 
ISSN={1063-6919},}

// [9]
@INPROCEEDINGS{Kim2004,
author={Kyungnam Kim and Chalidabhongse, T.H. and Harwood, D. and Davis, L.}, 
booktitle={Proc. International Conference on Image Processing}, 
title={Background modeling and subtraction by codebook construction}, 
year={2004}, 
month={Oct}, 
volume={5}, 
pages={3061-3064 Vol. 5}, 
keywords={data compression;image colour analysis;image motion analysis;image representation;image sequences;quantisation (signal);video coding;background modeling;background subtraction;codebook construction;image sequence;multimode modeling technique;video compression;Brightness;Computer vision;Educational institutions;Gaussian processes;Image coding;Information technology;Layout;Lighting;Pixel;Robustness}, 
doi={10.1109/ICIP.2004.1421759}, 
ISSN={1522-4880},}

// [10]
@article{Kim2005,
author = {Kim, Kyungnam and Chalidabhongse, Thanarat H. and Harwood, David and Davis, Larry},
doi = {10.1016/j.rti.2004.12.004},
isbn = {9781424465132},
issn = {10772014},
journal = {Real-Time Imaging},
pages = {172--185},
publisher={Elsevier},
title = {{Real-time foreground-background segmentation using codebook model}},
volume = {11},
year = {2005}
}
// [11]
// booktitle={Acoustics, Speech and Signal Processing, 2009. ICASSP 2009. IEEE International Conference on}, 
@inproceedings{Barnich2009,
author={Barnich, O. and Van Droogenbroeck, M.}, 
booktitle={Proc. IEEE International Conference on Acoustics, Speech and Signal Processing, }, 
title={ViBe: A powerful random technique to estimate the background in video sequences}, 
year={2009}, 
month={April}, 
pages={945-948}, 
keywords={estimation theory;image sequences;random processes;video signal processing;ViBe;automatic video content analysis;background extraction;background subtraction;computation efficiency;computational load;noise resilience;noisy images;random aggregation;random policy;random technique;samples-based estimation;video sequences;Background noise;Data mining;Layout;Parameter estimation;Pixel;Resilience;Signal processing algorithms;Technological innovation;Video sequences;Working environment noise;Pattern recognition;Signal analysis;Surveillance;Video signal processing}, 
doi={10.1109/ICASSP.2009.4959741}, 
ISSN={1520-6149},}
// [12]
@article{Barnich2011,
author={Barnich, O. and Van Droogenbroeck, M.}, 
title={ ViBe: A Universal Background Subtraction Algorithm for Video Sequences}, 
journal={IEEE Trans. on Image. Process.}, 
year={2011}, 
month={June}, 
volume={20}, 
number={6}, 
pages={1709-1724}, 
keywords={image motion analysis;image sequences;computation speed;detection rate;downscaled version performance;motion detection;neighboring pixel background model;universal background subtraction algorithm;video sequences;Adaptation model;Computational modeling;Estimation;Image color analysis;Lighting;Pixel;Subtraction techniques;Background subtraction;computer vision;image motion analysis;image segmentation;learning (artificial intelligence);pixel classification;real-time systems;surveillance;video signal processing;vision and scene understanding;Algorithms;Artificial Intelligence;Image Enhancement;Image Interpretation, Computer-Assisted;Pattern Recognition, Automated;Reproducibility of Results;Sensitivity and Specificity;Signal Processing, Computer-Assisted;Subtraction Technique;Video Recording}, 
doi={10.1109/TIP.2010.2101613}, 
ISSN={1057-7149},}

// [13]
// booktitle={Intelligent Robots and Systems (IROS), 2011 IEEE/RSJ International Conference on}, 
@INPROCEEDINGS{Kit2011,
author={Kit, D. and Sullivan, B. and Ballard, D.}, 
booktitle={Proc. IEEE/RSJ International Conference on Intelligent Robots and Systems}, 
title={Novelty detection using growing neural gas for visuo-spatial memory}, 
year={2011}, 
month={Sept}, 
pages={1194-1200}, 
keywords={feature extraction;image colour analysis;image motion analysis;intelligent robots;remotely operated vehicles;robot vision;self-organising feature maps;self-organising storage;video cameras;computer vision;mobile camera system;neural gas;remotely operated vehicles;robotics;security cameras;self-organizing map;spatial distribution;spatially-distributed color histograms;visual change detection;visual features representation;visual scenes;visuo-spatial memory;Cameras;Histograms;Image color analysis;Robots;Training;Vectors;Visualization}, 
doi={10.1109/IROS.2011.6094794}, 
ISSN={2153-0858},}

// [14]
@article{Zhou2013,
author = {Zhou, Hong and Chen, Yiru and Feng, Rong},
doi = {10.1016/j.cviu.2013.07.008},
issn = {10773142},
journal = {Comput. Vis. and Image Und.},
keywords = {Background subtraction,Color invariants,Color similarity,Illumination change,Indoor environments},
number = {11},
pages = {1589--1597},
publisher = {Elsevier Inc.},
title = {{A novel background subtraction method based on color invariants}},
volume = {117},
year = {2013}
}

// [15]
@article{Bouwmans08backgroundmodeling,
  title={Background modeling using mixture of gaussians for foreground detection-a survey},
  author={Bouwmans, Thierry and El Baf, Fida and Vachon, Bertrand},
  journal={Recent Patents on Computer Science},
  volume={1},
  number={3},
  pages={219--237},
  year={2008},
  publisher={Bentham Science Publishers}
}


// [16]
// booktitle={Computer Vision, 1999. The Proceedings of the Seventh IEEE International Conference on}, 
@INPROCEEDINGS{Toyama1999,
author={Toyama, K. and Krumm, J. and Brumitt, B. and Meyers, B.}, 
booktitle={Proc. IEEE Int. Conf. on Comput. Vis.}, 
title={Wallflower: principles and practice of background maintenance}, 
year={1999}, 
month={}, 
volume={1}, 
pages={255-261 vol.1}, 
keywords={motion estimation;surveillance;Wallflower;background maintenance;background subtraction;frame-level component;region-level component;video surveillance systems;Cameras;Electrical capacitance tomography;Humans;Layout;Lighting;Object detection;Pixel;Statistics;Switches;Video surveillance}, 
doi={10.1109/ICCV.1999.791228},}

// [17]
  // booktitle={Computer VisionâECCV 2002},
@inproceedings{Harville02aframework,
  title={A framework for high-level feedback to adaptive, per-pixel, mixture-of-gaussian background models},
  author={Harville, Michael},
  booktitle={Proc. Eur. Conf. on Comput. Vis.},
  pages={543--560},
  year={2002},
  publisher={Springer}
}

// [18]
// booktitle={Pattern Recognition (ICPR), 2010 20th International Conference on}, 
@INPROCEEDINGS{Kita2010,
author={Kita, Y.}, 
booktitle={Proc. Int. Conf. on Pattern Recognit.}, 
title={Background Modeling by Combining Joint Intensity Histogram with Time-sequential Data}, 
year={2010}, 
month={Aug}, 
pages={991-994}, 
keywords={Gaussian distribution;image sequences;video signal processing;video streaming;Gaussian mixture model;background dominance condition;background modeling;background probability distribution;field monitoring image;joint intensity histogram;statistical background intensity model;time-sequential data;time-sequential image;video stream;Data models;Histograms;Joints;Noise measurement;Pixel;Probability;Surveillance;background model;change detection;joint intensity histogram;outside scenes}, 
doi={10.1109/ICPR.2010.248}, 
ISSN={1051-4651},}

// [19]
// booktitle = {2009 4th International Conference on Innovative Computing, Information and Control, ICICIC 2009},
@INPROCEEDINGS{Kuo2009,
author = {Kuo, Chung Ming and Chang, Wei Han and Wang, Sheng Bin and Liu, Chih Shan},
doi = {10.1109/ICICIC.2009.82},
isbn = {9780769538730},
booktitle = {Proc. IEEE International Conference on Innovative Computing, Information and Control},
pages = {480--483},
title = {{An efficient histogram-based method for background modeling}},
year = {2009}
}

// [20]
@INPROCEEDINGS{Heikkila2004,
author = {Heikkil\"{a}, M and Pietik\"{a}inen, M and Heikkil\"{a}, J},
doi = {10.5244/C.18.21},
isbn = {1-901725-25-1},
booktitle = {Proc. British Machine Vision Conference},
number = {4},
pages = {21.1--21.10},
title = {{A texture-based method for detecting moving objects.}},
volume = {28},
year = {2004}
}

// [21]
// journal = {Proceedings of the IEEE Computer Society Conference on Computer Vision and Pattern Recognition},
@INPROCEEDINGS{Liao2010,
doi = {10.1109/CVPR.2010.5539817},
isbn = {9781424469840},
issn = {10636919},
booktitle = {Proc. IEEE Conf. on Comput. Vis. and Pattern Recognit.},
pages = {1301--1306},
title = {{Modeling pixel process with scale invariant local patterns for background subtraction in complex scenes}},
year = {2010}
}

// [22]
@article{Yeh2014,
author = {Yeh, Chia Hung and Lin, Chih Yang and Muchtar, Kahlil and Kang, Li Wei},
doi = {10.1016/j.ins.2013.08.014},
issn = {00200255},
journal = {Information Sciences},
keywords = {Background modeling,Gaussian mixture modeling,Motion detection},
pages = {106--127},
publisher = {Elsevier Inc.},
title = {{Real-time background modeling based on a multi-level texture description}},
year = {2014}
}

// [23]
@inproceedings{Riahi2012,
author = {Riahi, Dorra and St-Onge, P and Bilodeau, G},
booktitle = {Proc. Dept. g\'{e}nie informatique et g\'{e}nie logiciel, \'{E}cole Polytechn. de Montreal, Montreal, QC, Canada},
pages = {1--9},
title = {{RECTGAUSS-tex: Blockbased background subtraction}},
year = {2012}
}

// [24]
@article{Lin2014,
author = {Lin, Liang and Xu, Yuanlu and Liang, Xiaodan and Lai, Jianhuang},
doi = {10.1109/TIP.2014.2326776},
issn = {10577149},
journal = {IEEE Trans. on Image. Process.},
keywords = {Background modeling,Spatio-temporal representation,Visual surveillance},
number = {7},
pages = {3191--3202},
title = {{Complex background subtraction by pursuing dynamic spatio-temporal models}},
volume = {23},
year = {2014}
}

// [25]
// journal = {Sixth IEEE Workshop on Applications of Computer Vision, 2002. (WACV 2002). Proceedings.},
@inproceedings{Li2002,
author = {Li, Liyuan Li Liyuan and Huang, Weimin Huang Weimin and Gu, I.Y.H. and Tian, Qi Tian Qi},
doi = {10.1109/ACV.2002.1182193},
isbn = {0-7695-1858-3},
booktitle = {Proc. IEEE Workshop on Applications of Computer Vision},
title = {{Foreground object detection in changing background based on color co-occurrence statistics}},
year = {2002}
}

// [26]
@article{Wixson2000,
author = {Wixson, L.},
doi = {10.1109/34.868680},
isbn = {0-7695-0164-8},
issn = {01628828},
journal = {IEEE Trans. on Pattern Anal. and Mach. Intell.},
number = {8},
pages = {774--780},
title = {{Detecting salient motion by accumulating directionally-consistent flow}},
volume = {22},
year = {2000}
}

// [27]
@article{Chiranjeevi2014,
author = {Chiranjeevi, Pojala and Sengupta, Somnath},
doi = {10.1109/TIP.2013.2285598},
issn = {10577149},
journal = {IEEE Trans. on Image. Process.},
keywords = {Moving object detection,model feature vectors,model level fuzzy aggregation,model level fuzzy similarity,neighborhood supported model initialization,statistical local texture features},
number = {2},
pages = {645--657},
pmid = {24235250},
title = {{Neighborhood supported model level fuzzy aggregation for moving object segmentation}},
volume = {23},
year = {2014}
}

// [28]
@inproceedings{Zaharescu2011,
author = {Zaharescu, A and Jamieson, M},
booktitle = {Proc. IEEE Int. Conf. on Comput. Vis. Workshops},
doi = {10.1109/ICCVW.2011.6130461},
isbn = {VO -},
keywords = {Adaptation models,I2R dataset,Image color analysis,Lighting,Noise,Sensitivity,Training,Videos,generic multiscale confidence fusion scheme,image coding,image colour analysis,image fusion,image texture,local pattern methods,local texture pattern descriptor,multiscale multifeature codebook-based background ,object colour,object intensity,surveillance environments},
pages = {1753--1760},
title = {{Multi-scale multi-feature codebook-based background subtraction}},
year = {2011}
}

// [29]
@article{Chen2010,
author = {Chen, Juan and He, Yaping and Wang, Jian},
doi = {10.1016/j.buildenv.2009.10.017},
issn = {03601323},
journal = {Building and Environment},
keywords = {Color mapping,Flickering analysis,Gaussian mixture model,Motion detection},
number = {5},
pages = {1113--1122},
publisher = {Elsevier Ltd},
title = {{Multi-feature fusion based fast video flame detection}},
volume = {45},
year = {2010}
}

// [30]
// booktitle = {Signal Processing (ICSP), 2012 IEEE 11th International 
@inproceedings{Xue2012a,
author = {Xue, Tingting and Wang, Yanjiang and Qi, Yujuan},
booktitle = {Proc. International Conference on Signal Processing},
doi = {10.1109/ICoSP.2012.6491774},
isbn = {2164-5221 VO - 2},
keywords = {GMM,Gaussian distribution,Gaussian mixture background modeling,HSV color feature and texture-feature,color angle,double shadow judgment,false detection rate,feature extraction,illumination changes,image colour analysis,moving object,multi-feature fusion,multifeature fusion,object detection,scene changes,shadow detection},
pages = {1119--1122},
title = {{Multi-feature fusion based GMM for moving object and shadow detection}},
volume = {2},
year = {2012}
}

// [31]
@article{Ji2014,
author = {Ji, Zhangjian and Wang, Weiqiang},
doi = {10.1016/j.patcog.2014.03.016},
issn = {00313203},
journal = {Pattern Recognition},
keywords = {Adaptive fusion model,Foreground detection,Lateral inhibition filter,ST-SILTP},
number = {9},
pages = {2952--2961},
publisher = {Elsevier},
title = {{Detect foreground objects via adaptive fusing model in a hybrid feature space}},
volume = {47},
year = {2014}
}

// [32]
@article{Dong2011,
author = {Dong, Y. and Desouza, G. N.},
doi = {10.1016/j.cviu.2010.08.003},
isbn = {1077-3142},
issn = {10773142},
journal = {Comput. Vis. and Image Und.},
keywords = {Illumination invariance,Incremental learning,Local PCA,Multiple eigensubspace},
number = {1},
pages = {31--49},
publisher = {Elsevier Inc.},
title = {{Adaptive learning of multi-subspace for foreground detection under illumination changes}},
volume = {115},
year = {2011}
}

// [33]
// IET Institution of Engineering and Technology
@article{Wang2012,
author={Wang, Y. and Liang, Y. and Zhang, L. and Pan, Q.}, 
journal={Computer Vision, IET}, 
title={Adaptive spatiotemporal background modelling}, 
year={2012}, 
month={Sept}, 
volume={6}, 
number={5}, 
pages={451-458}, 
keywords={Gaussian processes;feature extraction;image motion analysis;object detection;GMM;adaptive Gaussian mixture model;adaptive spatiotemporal background modelling;background subtraction;dynamic scene;integral image method;moving object detection;nonparametric density estimation;spatial distribution model;temporal distribution model}, 
doi={10.1049/iet-cvi.2010.0229}, 
ISSN={1751-9632},}

// [34]
@inproceedings{Lin2010,
author = {Lin, Chih Yang and Chang, Chao Chin and Chang, Wei Wen and Chen, Meng Hui and Kang, Li Wei},
doi = {10.1109/ICGEC.2010.159},
isbn = {9780769542812},
booktitle = {Proc. International Conference on Genetic and Evolutionary Computing},
keywords = {Background modeling,Gaussian mixture modeling,Motion detection},
pages = {622--625},
title = {{Real-time robust background modeling based on joint color and texture descriptions}},
year = {2010}
}

// [35]
// booktitle={Fuzzy Systems and Knowledge Discovery: Third International Conference, FSKD 2006, Xiâan, China, September 24-28, 2006. Proceedings},
// editor = {Wang, Lipo and Jiao, Licheng and Shi, Guanming and Li, Xue and Liu, Jing},
@incollection{Zhang2006,
author = {Zhang, Hongxun and Xu, De},
booktitle = {Proc. Third International Conference Fuzzy Systems and Knowledge Discovery},
doi = {10.1007/11881599\_110},
isbn = {978-3-540-45916-3},
language = {English},
pages = {887--893},
publisher = {Springer Berlin Heidelberg},
series = {Lecture Notes in Computer Science},
title = {{Fusing Color and Texture Features for Background Model}},
volume = {4223},
year = {2006}
}

// [36]
@article{Zou2007,
author = {Zou, Kelly H. and O'Malley, a. James and Mauri, Laura},
doi = {10.1161/CIRCULATIONAHA.105.594929},
issn = {00097322},
journal = {Circulation},
keywords = {Diagnosis,ROC curve,Sensitivity and specificity,Statistics,Tests},
pages = {654--657},
pmid = {17283280},
title = {{Receiver-operating characteristic analysis for evaluating diagnostic tests and predictive models}},
volume = {115},
year = {2007}
}

// [37]
@article{McHugh2009,
author = {McHugh, J M and Konrad, J and Saligrama, V and Jodoin, P},
doi = {10.1109/LSP.2009.2016447},
isbn = {1070-9908 VO - 16},
journal = {IEEE Transactions on Signal Processing Letters},
keywords = {Adaptive estimation,Algorithm design and analysis,Change detection algorithms,Markov model,Markov processes,Markov random fields,Motion detection,Motion estimation,Parameter estimation,Robustness,Spatial coherence,Statistics,Testing,background subtraction,detection threshold,discrimination sensitivity,foreground model,foreground-adaptive background subtraction,hypothesis testing,image sequence,image sequences,mixture-of-Gaussians model,motion detection,nonparametric background model,probabilistic models,spatial neighborhood,video signal processing,video statistics},
number = {5},
pages = {390--393},
title = {{Foreground-Adaptive Background Subtraction}},
volume = {16},
year = {2009}
}

// [38]
@article{Li2002a,
author = {Li, Liyuan and Leung, Maylor K H},
doi = {10.1109/83.982818},
issn = {10577149},
journal = {IEEE Trans. on Image. Process.},
keywords = {Change detection,Difference pictures,Integration,Motion detection,Segmentation,Subtraction,Video analysis},
number = {2},
pages = {105--112},
pmid = {18244616},
title = {{Integrating intensity and texture differences for robust change detection}},
volume = {11},
year = {2002}
}

// [39]
// booktitle = {Computer Vision and Pattern Recognition, IEEE Conference on}, è¦ä¸è¦å   Computer Society Conference
@incollection{Yao2007,
author = {Yao, Jian Yao Jian and Odobez, J.-M.},
doi = {10.1109/CVPR.2007.383497},
isbn = {1063-6919 VO -},
booktitle = {Proc. IEEE Conf. on Comput. Vis. and Pattern Recognit.},
keywords = {Data mining,Filters,Layout,Object detection,Photometry,RGB color space,Recursive estimation,Robustness,Statistics,Subtraction techniques,cross-bilateral filter,illumination invariance,image colour analysis,image motion analysis,image texture,layer-based strategy,lighting,local binary patterns,local texture features,moving background pixels modeling,multilayer background subtraction,photometric invariant color measurements,quasi-periodic flickering,video signal processing,video stream},
pages = {1--8},
title = {{Multi-Layer Background Subtraction Based on Color and Texture}},
year = {2007}
}

// [40]
@incollection{Greggio2010,
author = {Greggio, Nicola and Bernardino, Alexandre and Laschi, Cecilia and Dario, Paolo and Santos-Victor, Jose},
doi = {10.1109/ISDA.2010.5687059},
isbn = {978-1-4244-8134-7},
booktitle = {Proc. International Conference on Intelligent Systems Design and Applications},
keywords = {-real-time video segmentation,background subtraction,gaussian mixtures,online em,self-adapting},
pages = {983--989},
title = {{Self-adaptive Gaussian mixture models for real-time video segmentation and background subtraction}},
year = {2010}
}

// [41]
@article{Ojala2002,
author = {Ojala, Timo and Pietik\"{a}inen, Matti and M\"{a}enp\"{a}\"{a}, Topi},
doi = {10.1109/TPAMI.2002.1017623},
isbn = {0162-8828},
issn = {01628828},
journal = {IEEE Trans. on Pattern Anal. and Mach. Intell.},
keywords = {Brodatz,Contrast,Distribution,Histogram,Nonparametric,Outex,Texture analysis},
number = {7},
pages = {971--987},
title = {{Multiresolution gray-scale and rotation invariant texture classification with local binary patterns}},
volume = {24},
year = {2002}
}

// [42]
@article{Pietikainen2000,
author = {Pietik\"{a}inen, M and Ojala, T and Xu, Z},
doi = {http://dx.doi.org/10.1016/S0031-3203(99)00032-1},
issn = {0031-3203},
journal = {Pattern Recognition},
keywords = {Classification,Feature distribution,Performance evaluation,Rotation invariant,Texture analysis},
month = jan,
number = {1},
pages = {43--52},
title = {{Rotation-invariant texture classification using feature distributions}},
volume = {33},
year = {2000}
}

// [43]
@article{Chen2008,
author = {Chen, Qiang and Sun, Quan Sen and {Ann Heng}, Pheng and Xia, De Shen},
doi = {10.1016/j.patcog.2007.09.007},
issn = {00313203},
journal = {Pattern Recognition},
keywords = {Binarization,Double-threshold,Edge connection,Edge detector,Seed filling},
pages = {1254--1267},
title = {{A double-threshold image binarization method based on edge detector}},
volume = {41},
year = {2008}
}

// [44]
// booktitle = {Computer Vision and Pattern Recognition Workshops (CVPRW), 2012 IEEE Computer Society Conference on},
@inproceedings{Goyette2012,
author = {Goyette, N and Jodoin, P and Porikli, F and Konrad, J and Ishwar, P},
booktitle = {Proc. IEEE Conf. on Comput. Vis. and Pattern Recognit. Workshops},
doi = {10.1109/CVPRW.2012.6238919},
isbn = {2160-7508 VO -},
keywords = {Benchmark testing,Cameras,Change detection algorithms,Detection algorithms,Gray-scale,Measurement,Positron emission tomography,change detection benchmark dataset,changedetection.net,computer vision,dataset quantitative performance metrics,ground-truth background,ground-truth foreground,image sequences,object detection,shadow area boundaries,video processing,video sequences,video signal processing},
pages = {1--8},
title = {{Changedetection.net: A new change detection benchmark dataset}},
year = {2012}
}

// [45]
// booktitle = {Image Processing (ICIP), 2014 IEEE International Conference on},
@inproceedings{Lu2014,
author = {Lu, Xiqun},
booktitle = {Proc. IEEE International Conference on Image Processing},
doi = {10.1109/ICIP.2014.7025661},
isbn = {VO -},
keywords = {Color,Computational modeling,Context,Dynamics,Heuristic algorithms,Motion detection,Multiscale,Videos,background,benchmark dataset,image motion analysis,image representation,image sampling,location measurement,motion detection,motion propagation,multiscale spatiotemporal background model,nonparametric background modeling paradigm,soft updating scheme,spatio-temporal,video representation,video surveillance},
pages = {3268--3271},
title = {{A multiscale spatio-temporal background model for motion detection}},
year = {2014}
}

// [46]
@inproceedings{Varadarajan2013,
author = {Varadarajan, Sriram and Miller, Paul and Zhou, Huiyu},
doi = {10.1109/AVSS.2013.6636617},
isbn = {9781479907038},
booktitle = {Proc. IEEE International Conference on Advanced Video and Signal Based Surveillance},
pages = {63--68},
title = {{Spatial mixture of Gaussians for dynamic background modelling}},
year = {2013}
}

// [47]
@article{VanDroogenbroeck2012,
author = {{Van Droogenbroeck}, M. and Paquot, O.},
doi = {10.1109/CVPRW.2012.6238924},
isbn = {9781467316118},
issn = {21607508},
journal = {IEEE Conf. on Comput. Vis. and Pattern Recognit. Workshops},
pages = {32--37},
title = {{Background subtraction: Experiments and improvements for ViBe}},
year = {2012}
}

// [48]
// journal = {Proceedings of the 17th Int. Conf. on Pattern Recognit., 2004. ICPR 2004.},
@inproceedings{Zivkovic2004,
author = {Zivkovic, Z.},
doi = {10.1109/ICPR.2004.1333992},
isbn = {0-7695-2128-2},
issn = {1051-4651},
booktitle = {Proc. Int. Conf. on Pattern Recognit. (ICPR)},
title = {{Improved adaptive Gaussian mixture model for background subtraction}},
volume = {2},
year = {2004}
}

// [49]
@article{Stauffer2000,
author = {Stauffer, C and Grimson, W E L},
doi = {10.1109/34.868677},
issn = {01628828},
journal = {IEEE Trans. on Pattern Anal. and Mach. Intell.},
pages = {747--757},
title = {{Learning patterns of activity using real-time tracking}},
volume = {22},
year = {2000}
}


@INPROCEEDINGS{2014_CDN_6910011, 
author={Y. Wang and P. M. Jodoin and F. Porikli and J. Konrad and Y. Benezeth and P. Ishwar}, 
booktitle={2014 IEEE Conf. on Comput. Vis. and Pattern Recognit. Workshops}, 
title={CDnet 2014: An Expanded Change Detection Benchmark Dataset}, 
year={2014}, 
pages={393-400}, 
keywords={image motion analysis;object detection;video signal processing;CDnet benchmark;IEEE Change Detection Workshop 2014;change detection benchmark dataset;motion detection approach;pixel-wise annotated frames;surveillance settings;video analytics;Benchmark testing;Cameras;Conferences;Labeling;Lighting;Measurement;Motion detection}, 
doi={10.1109/CVPRW.2014.126}, 
ISSN={2160-7508}, 
month={June},}

@inproceedings{FliICCV2013_SegTrackv2, 
author = {Fuxin Li and Taeyoung Kim and Ahmad Humayun and David Tsai and James M. Rehg}, 
title = { Video Segmentation by Tracking Many Figure-Ground Segments}, 
booktitle = {IEEE Int. Conf. on Comput. Vis. (ICCV)}, 
year = {2013} } 


@INPROCEEDINGS{4269999_2007_Hopkins, 
author={R. Tron and R. Vidal}, 
booktitle={IEEE Conf. on Comput. Vis. and Pattern Recognit. (CVPR)}, 
title={A Benchmark for the Comparison of 3-D Motion Segmentation Algorithms}, 
year={2007}, 
pages={1-8}, 
keywords={computer vision;image segmentation;image sequences;motion estimation;3D motion segmentation algorithm;image sequence;Application software;Benchmark testing;Cameras;Computer vision;Databases;Image segmentation;Layout;Motion segmentation;Statistical analysis;Traffic control}, 
doi={10.1109/CVPR.2007.382974}, 
ISSN={1063-6919}, 
month={June},}



@INPROCEEDINGS{2010_ECCV_Brox2010,
author={Brox, Thomas and Malik, Jitendra},
title="Object Segmentation by Long Term Analysis of Point Trajectories",
booktitle={Eur. Conf. on Comput. Vis. (ECCV)},
year="2010",
// publisher="Springer Berlin Heidelberg",
// address="Berlin, Heidelberg",
pages="282--295",
isbn="978-3-642-15555-0",
doi="10.1007/978-3-642-15555-0_21",
}

@INPROCEEDINGS{2010_ECCV_Sundaram2010,
author="Sundaram, Narayanan
and Brox, Thomas
and Keutzer, Kurt",
title="Dense Point Trajectories by GPU-Accelerated Large Displacement Optical Flow",
bookTitle={Eur. Conf. on Comput. Vis. (ECCV)},
year="2010",
publisher="Springer",
pages="438--451",
isbn="978-3-642-15549-9",
}

@article{2016_PR_Chen2016410,
title = "Robust salient motion detection in non-stationary videos via novel integrated strategies of spatio-temporal coherency clues and low-rank analysis ",
journal = "Pattern Recognit.",
volume = "52",
number = "",
pages = "410 - 432",
year = "2016",
note = "",
issn = "0031-3203",
doi = "http://dx.doi.org/10.1016/j.patcog.2015.09.033",
author = "Chenglizhao Chen and Shuai Li and Hong Qin and Aimin Hao",
keywords = "Salient motion detection",
keywords = "Non-stationary videos",
keywords = "Aligned RPCA",
keywords = "Low-rank analysis",
keywords = "Semantic coherency",
keywords = "Monitor stabilization "
}

@article{2016_PR_Ge2016112,
title = "Dynamic background estimation and complementary learning for pixel-wise foreground/background segmentation ",
journal = "Pattern Recognition ",
volume = "59",
number = "",
pages = "112 - 125",
year = "2016",
note = "Compositional Models and Structured Learning for Visual Recognition ",
issn = "0031-3203",
doi = "http://dx.doi.org/10.1016/j.patcog.2016.01.031",
author = "Weifeng Ge and Zhenhua Guo and Yuhan Dong and Youbin Chen",
keywords = "Background subtraction (BS)",
keywords = "GMM",
keywords = "ViBe",
keywords = "CB",
keywords = "Dynamic background estimation",
keywords = "Complementary learning "
}

@article{Elgammal2000Non,
  title={Non-parametric Model for Background Subtraction},
  author={Elgammal, Ahmed and Harwood, David and Davis, Larry},
  journal={Eccv},
  volume={1843},
  pages={751-767},
  year={2000},
}

@inproceedings{Hofmann2012Background,
  title={Background segmentation with feedback: The Pixel-Based Adaptive Segmenter},
  author={Hofmann, Martin and Tiefenbacher, Philipp and Rigoll, Gerhard},
  booktitle={Computer Vision and Pattern Recognition Workshops},
  pages={38-43},
  year={2012},
}

@article{Sheikh2005Bayesian,
  title={Bayesian modeling of dynamic scenes for object detection.},
  author={Sheikh, Y and Shah, M},
  journal={IEEE Trans Pattern Anal Mach Intell},
  volume={27},
  number={11},
  pages={1778-1792},
  year={2005},
}

@inproceedings{Reddy2010Robust,
  title={Robust Foreground Object Segmentation via Adaptive Region-Based Background Modelling},
  author={Reddy, Vikas and Sanderson, Conrad and Lovell, Brian C.},
  booktitle={International Conference on Pattern Recognition},
  pages={3939-3942},
  year={2010},
}
@article{Izadi2008Robust,
 author = {Izadi, M and Saeedi, P},
 year = {2008},
 month = {01},
 pages = {1-5},
 title = {Robust region-based background subtraction and shadow removing using   color and gradient information},
 booktitle = {Proc. ICPR}
 }

@INPROCEEDINGS{Zhang2014Statis,
author = {X. Zhang and Z. Liu and H. Li and X. Zhao and P. Zhang},
booktitle = {2014 IEEE International Conference on Multimedia and Expo (ICME)},
title = {Statistical background subtraction based on imbalanced learning},
year = {2014},
volume = {00},
number = {},
pages = {1-6},
keywords={Vectors;Educational institutions;Object detection;Training;Computational modeling;Indexes},
doi = {10.1109/ICME.2014.6890245},
url = {doi.ieeecomputersociety.org/10.1109/ICME.2014.6890245},
ISSN = {},
month={July}
}

@article{Babaee2017deep,
 title = "A deep convolutional neural network for video sequence background subtraction",
 journal = "Pattern Recognition",
 volume = "76",
 pages = "635 - 649",
 year = "2018",
 issn = "0031-3203",
 doi = "https://doi.org/10.1016/j.patcog.2017.09.040",
 url = "http://www.sciencedirect.com/science/article/pii/S0031320317303928",
 author = "Mohammadreza Babaee and Duc Tung Dinh and Gerhard Rigoll",
 keywords = "Background subtraction, Video segmentation, CNN, Deep learning"
 }

@article{wang2016PRL,
 author = {Wang, Yi and Luo, Zhiming and Jodoin, Pierre-Marc},
 year = {2016},
 month = {09},
 pages = {},
 title = {Interactive Deep Learning Method for Segmenting Moving Objects},
 booktitle = {Pattern Recognition Letters}
 }
@article{Braham2016deep,
 author = {Braham, Marc and Droogenbroeck, Marc},
 year = {2016},
 month = {05},
 pages = {1-4},
 title = {Deep background subtraction with scene-specific convolutional neural   networks},
 booktitle = {IEEE}
 }

@ARTICLE{Shelhamer2017fcn, 
author={E. Shelhamer and J. Long and T. Darrell}, 
journal={IEEE Transactions on Pattern Analysis and Machine Intelligence}, 
title={Fully Convolutional Networks for Semantic Segmentation}, 
year={2017}, 
volume={39}, 
number={4}, 
pages={640-651}, 
keywords={feedforward neural nets;image classification;image representation;image resolution;image segmentation;learning (artificial intelligence);transforms;NYUDv2;PASCAL VOC;PASCAL-Context;SIFT Flow;coarse layer;contemporary classification networks;correspondingly-sized output;fine layer;fully convolutional networks;learned representations;semantic segmentation;spatially dense prediction tasks;visual models;Computer architecture;Convolution;Fuses;Image segmentation;Proposals;Semantics;Training;Convolutional Networks;Deep Learning;Semantic Segmentation;Transfer Learning}, 
doi={10.1109/TPAMI.2016.2572683}, 
ISSN={0162-8828}, 
month={April},}

@ARTICLE{Bianco2017TEC, 
author={S. Bianco and G. Ciocca and R. Schettini}, 
journal={IEEE Transactions on Evolutionary Computation}, 
title={Combination of Video Change Detection Algorithms by Genetic Programming}, 
year={2017}, 
volume={21}, 
number={6}, 
pages={914-928}, 
keywords={computer vision;genetic algorithms;image sequences;object detection;statistical analysis;video signal processing;video streaming;Friedman test;In Unity There Is Strength;Wilcoxon rank sum post-hoc tests;binary functions;combination strategies;computer vision;genetic programming;ground truth annotations;n-ary functions;post-processing operations;statistical significance analysis;unary functions;video change detection algorithms;video sequences;video stream;Algorithm design and analysis;Change detection algorithms;Detection algorithms;Evolutionary computation;Genetic programming;Robustness;Streaming media;Algorithm combining and selection;ChangeDetection.net (CDNET);change detection;genetic programming (GP)}, 
doi={10.1109/TEVC.2017.2694160}, 
ISSN={1089-778X}, 
month={Dec},}

@INPROCEEDINGS{CDN2014, 
author={Y. Wang and P. M. Jodoin and F. Porikli and J. Konrad and Y. Benezeth and P. Ishwar}, 
booktitle={2014 IEEE Conference on Computer Vision and Pattern Recognition Workshops}, 
title={CDnet 2014: An Expanded Change Detection Benchmark Dataset}, 
year={2014}, 
volume={}, 
number={}, 
pages={393-400}, 
keywords={image motion analysis;object detection;video signal processing;CDnet benchmark;IEEE Change Detection Workshop 2014;change detection benchmark dataset;motion detection approach;pixel-wise annotated frames;surveillance settings;video analytics;Benchmark testing;Cameras;Conferences;Labeling;Lighting;Measurement;Motion detection}, 
doi={10.1109/CVPRW.2014.126}, 
ISSN={2160-7508}, 
month={June},}

@INPROCEEDINGS{Braham2017Semantic,
author={M. Braham and S. Pierard and M. Van Droogenbroeck},
booktitle={2017 IEEE International Conference on Image Processing (ICIP)},
title={Semantic background subtraction},
year={2017},
volume={},
number={},
pages={4552-4556},
keywords={image colour analysis;image motion analysis;image segmentation;image sequences;object detection;video signal processing;CDNet dataset;CDNet leaderboard;background subtraction algorithm;camouflaged foreground objects;false positive detections;fully semantic background model;leverage object-level semantics;motion detection;semantic background subtraction;semantic segmentation algorithm;video sequences;Automobiles;Heuristic algorithms;Motion detection;Motion segmentation;Optimized production technology;Semantics;Video sequences;background subtraction;change detection;classification;scene labeling;semantic segmentation},
doi={10.1109/ICIP.2017.8297144},
ISSN={},
month={Sept},}

@ARTICLE{Jiang2017WeSamBE, 
author={S. Jiang and X. Lu}, 
journal={IEEE Transactions on Circuits and Systems for Video Technology}, 
title={WeSamBE: A Weight-Sample-Based Method for Background Subtraction}, 
year={2017}, 
volume={}, 
number={}, 
pages={1-1}, 
keywords={Adaptation models;Algorithm design and analysis;Classification algorithms;Computational modeling;Correlation;Indexes;Resists;Background subtraction;Minimum-weight update;Reward-and-penalty weight strategy;Weighted sample}, 
doi={10.1109/TCSVT.2017.2711659}, 
ISSN={1051-8215}, 
month={},}

@INPROCEEDINGS{Chen2015SharedModel, 
author={Yingying Chen and Jinqiao Wang and Hanqing Lu}, 
booktitle={2015 IEEE International Conference on Multimedia and Expo (ICME)}, 
title={Learning sharable models for robust background subtraction}, 
year={2015}, 
volume={}, 
number={}, 
pages={1-6}, 
keywords={Gaussian processes;computer vision;image denoising;image matching;mixture models;ChangeDetection benchmark dataset;Gaussian mixture modeling;background sharable models;background subtraction;computer vision;foreground sharable models;moving object integrity enhancement;noise elimination;pixels-models many-to-one relationship;sharable GMM model;Adaptation models;Benchmark testing;Computational modeling;Correlation;Noise;Robustness;Switches;Background modeling;GMM}, 
doi={10.1109/ICME.2015.7177419}, 
ISSN={1945-7871}, 
month={June},}

@article{RAMIREZALONSO2016990,
title = "Auto-Adaptive Parallel SOM Architecture with a modular analysis for dynamic object segmentation in videos",
journal = "Neurocomputing",
volume = "175",
pages = "990 - 1000",
year = "2016",
issn = "0925-2312",
doi = "https://doi.org/10.1016/j.neucom.2015.04.118",
url = "http://www.sciencedirect.com/science/article/pii/S0925231215015842",
author = "Graciela RamÂ¨Âªrez-Alonso and Mario I. ChacÂ¨Â®n-MurguÂ¨Âªa",
keywords = "Dynamic object detection, Self Organized Map, Background Subtraction Model"
}

@ARTICLE{Yang2018DBMF, 
author={L. Yang and J. Li and Y. Luo and Y. Zhao and H. Cheng and J. Li}, 
journal={IEEE Transactions on Intelligent Transportation Systems}, 
title={Deep Background Modeling Using Fully Convolutional Network}, 
year={2018}, 
volume={19}, 
number={1}, 
pages={254-262}, 
keywords={convolution;feature extraction;image motion analysis;image sequences;object tracking;video surveillance;atrous convolution branches;classical background modeling approaches;deep background modeling;fixed pixel neighborhood;fully convolutional network background modeling;network block;object counting;object tracking;sequential images;spatial information;temporal information;video surveillance;Adaptation models;Biological neural networks;Computational modeling;Convolution;Feature extraction;Mathematical model;Object detection;Background modeling;atrous convolution;convolutional neural network;temporal and spatial information}, 
doi={10.1109/TITS.2017.2754099}, 
ISSN={1524-9050}, 
month={Jan},}

@INPROCEEDINGS{Wang2014FTSG, 
author={R. Wang and F. Bunyak and G. Seetharaman and K. Palaniappan}, 
booktitle={2014 IEEE Conference on Computer Vision and Pattern Recognition Workshops}, 
title={Static and Moving Object Detection Using Flux Tensor with Split Gaussian Models}, 
year={2014}, 
volume={}, 
number={}, 
pages={420-424}, 
keywords={Gaussian processes;image motion analysis;object detection;tensors;CVPR 2014 Change Detection benchmark dataset;FTSG;background modeling scheme;flux tensor with split Gaussian models;foreground modeling scheme;motion computation method;moving object detection;multicue appearance comparison;spatio-temporal tensor formulation;static object detection;Adaptation models;Computational modeling;Computer vision;Image edge detection;Lighting;Object detection;Tensile stress;Gaussian model;background subtraction;change detection;flux tensor;motion detection}, 
doi={10.1109/CVPRW.2014.68}, 
ISSN={2160-7508}, 
month={June},}

@INPROCEEDINGS{Gregorio2014CwisarDH, 
author={M. D. Gregorio and M. Giordano}, 
booktitle={2014 IEEE Conference on Computer Vision and Pattern Recognition Workshops}, 
title={Change Detection with Weightless Neural Networks}, 
year={2014}, 
volume={}, 
number={}, 
pages={409-413}, 
keywords={neural nets;object detection;video signal processing;ChangeDetection.net 2014 benchmark dataset;WNN;background brightness;background change adaptability;background shape;camera field-of-view;change detection;lightning;pixel color history;pixel-based weightless neural network;video scene;Face;History;Image color analysis;Neural networks;Random access memory;Training;Videos;Change Detection;Weightless Neural Networks}, 
doi={10.1109/CVPRW.2014.66}, 
ISSN={2160-7508}, 
month={June},}

@ARTICLE{St-Charles2015SuBSENSE, 
author={P. L. St-Charles and G. A. Bilodeau and R. Bergevin}, 
journal={IEEE Transactions on Image Processing}, 
title={SuBSENSE: A Universal Change Detection Method With Local Adaptive Sensitivity}, 
year={2015}, 
volume={24}, 
number={1}, 
pages={359-373}, 
keywords={image colour analysis;image segmentation;image sequences;object detection;video signal processing;C++;ChangeDetection.net dataset;F-measure;OpenCV;SuBSENSE;adaptation speed;color information;foreground-background segmentation;illumination variations;local adaptive sensitivity;local binary image descriptors;local segmentation noise levels;manually set frame-wide constants;midlevel desktop CPU;model fidelity continuous monitoring;pixel-level feedback loops;spatiotemporal binary features;universal change detection method;universal pixel-level segmentation method;video sequences;Adaptation models;Color;Image color analysis;Lighting;Noise;Sensitivity;Spatiotemporal phenomena;Background subtraction;background subtraction;change detection;foreground segmentation;spatiotemporal features;surveillance;video signal processing}, 
doi={10.1109/TIP.2014.2378053}, 
ISSN={1057-7149}, 
month={Jan},}

@article{WU2010739,
title = "Spatio-temporal context for codebook-based dynamic background subtraction",
journal = "AEU - International Journal of Electronics and Communications",
volume = "64",
number = "8",
pages = "739 - 747",
year = "2010",
issn = "1434-8411",
doi = "https://doi.org/10.1016/j.aeue.2009.05.004",
url = "http://www.sciencedirect.com/science/article/pii/S1434841109001794",
author = "Mingjun Wu and Xianrong Peng",
keywords = "Dynamic background subtraction, Object detection, Codebook, Spatio-temporal context, Markov random field"
}

@ARTICLE{Yang2016P2M, 
author={L. Yang and H. Cheng and J. Su and X. Li}, 
journal={IEEE Transactions on Circuits and Systems for Video Technology}, 
title={Pixel-to-Model Distance for Robust Background Reconstruction}, 
year={2016}, 
volume={26}, 
number={5}, 
pages={903-916}, 
keywords={image reconstruction;video surveillance;3D spatial temporal domain;background information;compressive local descriptors;context features;pixel feature descriptors;pixel-to-model distance;recovered background videos;robust background model;robust background reconstruction;surveillance scenes;video surveillance applications;Adaptation models;Computational modeling;Context;Context modeling;Image reconstruction;Robustness;Surveillance;Background modeling;Pixel-to-model distance;background modeling;background restoration;local context descriptor;pixel-to-model (P2M) distance;video surveillance}, 
doi={10.1109/TCSVT.2015.2424052}, 
ISSN={1051-8215}, 
month={May},}

@ARTICLE{Li2018CAMO, 
author={S. Li and D. Florencio and W. Li and Y. Zhao and C. Cook}, 
journal={IEEE Transactions on Image Processing}, 
title={A Fusion Framework for Camouflaged Moving Foreground Detection in the Wavelet Domain}, 
year={2018}, 
volume={27}, 
number={8}, 
pages={3918-3930}, 
keywords={image fusion;image segmentation;image sequences;object detection;wavelet transforms;background models;camouflaged foreground objects;camouflaged moving foreground detection;fusion framework;image domain;wavelet band;wavelet coefficient;wavelet domain;Computational modeling;Image color analysis;Image edge detection;Kernel;Wavelet domain;Wavelet transforms;Foreground detection;background subtraction;camouflaged foreground;wavelet transform}, 
doi={10.1109/TIP.2018.2828329}, 
ISSN={1057-7149}, 
month={Aug},}

@article{ZIVKOVIC2006773,
title = "Efficient adaptive density estimation per image pixel for the task of background subtraction",
journal = "Pattern Recognition Letters",
volume = "27",
number = "7",
pages = "773 - 780",
year = "2006",
issn = "0167-8655",
doi = "https://doi.org/10.1016/j.patrec.2005.11.005",
url = "http://www.sciencedirect.com/science/article/pii/S0167865505003521",
author = "Zoran Zivkovic and Ferdinand van der Heijden",
keywords = "Background subtraction, On-line density estimation, Gaussian mixture model, Non-parametric density estimation"
}

@ARTICLE{LBA-SOM2008, 
author={L. Maddalena and A. Petrosino}, 
journal={IEEE Transactions on Image Processing}, 
title={A Self-Organizing Approach to Background Subtraction for Visual Surveillance Applications}, 
year={2008}, 
volume={17}, 
number={7}, 
pages={1168-1177}, 
keywords={computer vision;feature extraction;image colour analysis;image motion analysis;image segmentation;object detection;object recognition;self-organising feature maps;video streaming;video surveillance;artificial neural networks;background subtraction;color video sequence;computer vision;human image processing;information extraction;moving background scenes;moving object detection;object classification;object recognition;self-organizing approach;video streams;visual surveillance application;Background subtraction;motion detection;neural network;self organization;visual surveillance;Algorithms;Image Enhancement;Image Interpretation, Computer-Assisted;Pattern Recognition, Automated;Reproducibility of Results;Security Measures;Sensitivity and Specificity;Subtraction Technique}, 
doi={10.1109/TIP.2008.924285}, 
ISSN={1057-7149}, 
month={July},}

@INPROCEEDINGS{Baf2008FCI, 
author={F. El Baf and T. Bouwmans and B. Vachon}, 
booktitle={2008 IEEE International Conference on Fuzzy Systems (IEEE World Congress on Computational Intelligence)}, 
title={Fuzzy integral for moving object detection}, 
year={2008}, 
volume={}, 
number={}, 
pages={1729-1736}, 
keywords={fuzzy set theory;image colour analysis;image motion analysis;image resolution;image sequences;image texture;object detection;Choquet integral;Sugeno integral;aggregation operator;background subtraction;color fusion;color spaces;fuzzy integral;illumination variations;moving object detection;multimedia application;optical motion capture;shadows;video sequences;video-surveillance;Layout;Lighting;Motion detection;Object detection;Pixel;Robustness;Testing;Uncertainty;Video sequences;Video surveillance}, 
doi={10.1109/FUZZY.2008.4630604}, 
ISSN={1098-7584}, 
month={June},}

@INPROCEEDINGS{ML-BGS2007, 
author={J. Yao and J. M. Odobez}, 
booktitle={2007 IEEE Conference on Computer Vision and Pattern Recognition}, 
title={Multi-Layer Background Subtraction Based on Color and Texture}, 
year={2007}, 
volume={}, 
number={}, 
pages={1-8}, 
keywords={image colour analysis;image motion analysis;image texture;lighting;video signal processing;RGB color space;cross-bilateral filter;illumination invariance;layer-based strategy;local binary patterns;local texture features;moving background pixels modeling;multilayer background subtraction;photometric invariant color measurements;quasi-periodic flickering;video stream;Data mining;Filters;Layout;Lighting;Object detection;Photometry;Recursive estimation;Robustness;Statistics;Subtraction techniques}, 
doi={10.1109/CVPR.2007.383497}, 
ISSN={1063-6919}, 
month={June},}

@article{SHAKERI201628,
title = "COROLA: A sequential solution to moving object detection using low-rank approximation",
journal = "Computer Vision and Image Understanding",
volume = "146",
pages = "27 - 39",
year = "2016",
issn = "1077-3142",
doi = "https://doi.org/10.1016/j.cviu.2016.02.009",
url = "http://www.sciencedirect.com/science/article/pii/S1077314216000540",
author = "Moein Shakeri and Hong Zhang",
keywords = "Moving object detection, Online low rank approximation, Markov Random Fields, Online background modeling"
}

@ARTICLE{DECOLOR2013, 
author={X. Zhou and C. Yang and W. Yu}, 
journal={IEEE Transactions on Pattern Analysis and Machine Intelligence}, 
title={Moving Object Detection by Detecting Contiguous Outliers in the Low-Rank Representation}, 
year={2013}, 
volume={35}, 
number={3}, 
pages={597-610}, 
keywords={image classification;image motion analysis;image representation;object detection;video signal processing;automated video analysis;background learning;background subtraction;binary classifier training;contiguous outlier detection;low-rank representation;motion-based method;moving object detection;Cameras;Computational modeling;Computer vision;Estimation;Hidden Markov models;Motion segmentation;Object detection;Markov Random Fields;Moving object detection;low-rank modeling;motion segmentation}, 
doi={10.1109/TPAMI.2012.132}, 
ISSN={0162-8828}, 
month={March},}

@article{2015_PR_Varadarajan20153488,
title = "Region-based Mixture of Gaussians modelling for foreground detection in dynamic scenes ",
journal = "Pattern Recognit.",
volume = "48",
number = "11",
pages = "3488 - 3503",
year = "2015",
note = "",
issn = "0031-3203",
doi = "http://dx.doi.org/10.1016/j.patcog.2015.04.016",
author = "Sriram Varadarajan and Paul Miller and Huiyu Zhou",
keywords = "Region based modelling",
keywords = "Moving object detection",
keywords = "Mixture of Gaussians",
keywords = "Dynamic background subtraction",
keywords = "Expectation maximisation ",
abstract = "Abstract One of the most widely used techniques in computer vision for foreground detection is to model each background pixel as a Mixture of Gaussians (MoG). While this is effective for a static camera with a fixed or a slowly varying background, it fails to handle any fast, dynamic movement in the background. In this paper, we propose a generalised framework, called region-based MoG (RMoG), that takes into consideration neighbouring pixels while generating the model of the observed scene. The model equations are derived from expectation maximisation theory for batch mode, and stochastic approximation is used for online mode updates. We evaluate our region-based approach against ten sequences containing dynamic backgrounds, and show that the region-based approach provides a performance improvement over the traditional single pixel MoG. For feature and region sizes that are equal, the effect of increasing the learning rate is to reduce both true and false positives. Comparison with four state-of-the art approaches shows that \{RMoG\} outperforms the others in reducing false positives whilst still maintaining reasonable foreground definition. Lastly, using the ChangeDetection (CDNet 2014) benchmark, we evaluated \{RMoG\} against numerous surveillance scenes and found it to be amongst the leading performers for dynamic background scenes, whilst providing comparable performance for other commonly occurring surveillance scenes. "
}

@INPROCEEDINGS{2016_ECCV_Bideau2016,
author={Bideau, Pia and Learned-Miller, Erik},
title={It's Moving! A Probabilistic Model for Causal Motion Segmentation in Moving Camera Videos},
bookTitle={Eur. Conf. on Comput. Vis. (ECCV)},
year={2016},
pages={433--449},
isbn={978-3-319-46484-8},
doi={10.1007/978-3-319-46484-8_26},
//url="http://dx.doi.org/10.1007/978-3-319-46484-8_26"
}



@article{Elgammal2000,
author={A. Elgammal, D. Harwood, L. Davis},
title="Non-parametric model for background subtraction",
booktitle={Eur. Conf. on Comput. Vis. (ECCV)},
year="2000",
// publisher="Springer Berlin Heidelberg",
// address="Berlin, Heidelberg",
pages="751--295",
isbn="978-3-642-15555-0",
doi="10.1007/978-3-642-15555-0_21",
}
