
// [1]
// journal = "Computer Science Review ",
@article{Bouwmans2014,
author = "Thierry Bouwmans",
title = "Traditional and recent approaches in background modeling for foreground detection: An overview ",
journal = {Comput. Sci. Rev.},
volume = "11–12",
number = "",
pages = "31 - 66",
year = "2014",
note = "",
issn = "1574-0137",
publisher = {Elsevier Inc.},
doi = "http://dx.doi.org/10.1016/j.cosrev.2014.04.001",
// url = "http://www.sciencedirect.com/science/article/pii/S1574013714000033",
keywords = "Background subtraction",
keywords = "Background modeling",
keywords = "Background initialization",
keywords = "Background maintenance",
keywords = "Foreground detection "
}


// [2]
// journal = "Computer Vision and Image Understanding ",
@article{Chen2014,
title = "A self-adaptive Gaussian mixture model ",
journal = {Comput. Vis. Image Underst.},
volume = "122",
number = "",
pages = "35 - 46",
year = "2014",
note = "",
issn = "1077-3142",
doi = "http://dx.doi.org/10.1016/j.cviu.2014.01.004",
// url = "http://www.sciencedirect.com/science/article/pii/S1077314214000113",
author = "Zezhi Chen and Tim Ellis",
keywords = "Background subtraction",
keywords = "Gaussian mixture model",
keywords = "Shadow removal",
keywords = "Illumination sadden change",
keywords = "Object detection "
}

// [3]
// journal = {Pattern Anal. Mach. Intell. IEEE Trans.},
// journal={IEEE Transactions on Pattern Analysis and Machine Intelligence}, 
@article{Han2012,
author={Bohyung Han and Davis, L.S.}, 
journal = {IEEE Trans. Pattern Anal. Mach. Intell.},
title={Density-Based Multifeature Background Subtraction with Support Vector Machine}, 
year={2012}, 
month={May}, 
volume={34}, 
number={5}, 
pages={1017-1023}, 
keywords={Haar transforms;cameras;computer vision;feature extraction;image segmentation;object detection;support vector machines;vectors;Haar-like feature;background likelihood vector;binary segmentation algorithm;density-based multifeature background subtraction technique;discriminative technique;high-level computer vision application;illumination change;kernel density approximation;object detection;pixelwise generative background modeling techniques;spatial variation;spatio-temporal variation;static camera;support vector machine;Computational modeling;Convergence;Density functional theory;Image color analysis;Kernel;Support vector machines;Vectors;Background modeling and subtraction;Haar-like features;kernel density approximation.;support vector machine}, 
doi={10.1109/TPAMI.2011.243}, 
ISSN={0162-8828},}

// [4]
//journal = {Image Process. IEEE Trans.},
// journal = {IEEE Transactions on Image Processing},
@article{Radke2005,
author = {Radke, R J and Andra, S and Al-Kofahi, O and Roysam, B},
doi = {10.1109/TIP.2004.838698},
isbn = {1057-7149 VO - 14},
journal = {IEEE Trans. Image Process.},
keywords = {Algorithms,Animals,Artificial Intelligence,Automated,Background modeling,Biological,Change detection algorithms,Computer-Assisted,Data Collection,Detection algorithms,Humans,Image Enhancement,Image Interpretation,Imaging,Information Storage and Retrieval,Layout,Medical diagnosis,Medical treatment,Models,Numerical Analysis,Pattern Recognition,Predictive models,Remote sensing,Signal Processing,Subtraction Technique,Surveillance,System testing,Three-Dimensional,Underwater tracking,change detection,change mask,hypothesis testing,illumination invariance,image change detection algorithm,image classification,mixture models,predictive model,predictive models,shading model,significance testing,systematic survey},
number = {3},
pages = {294--307},
title = {{Image change detection algorithms: a systematic survey}},
volume = {14},
year = {2005}
}

// [5]
// journal = {IEEE Trans. Image Process.},
// journal = {IEEE Transactions on Image Processing},
@article{Li2004,
author = {Li, Liyuan and Huang, Weimin and Gu, Irene Yu Hua and Tian, Qi},
doi = {10.1109/TIP.2004.836169},
isbn = {1057-7149 (Print)},
issn = {10577149},
journal = {IEEE Trans. Image Process.},
number = {11},
pages = {1459--1472},
pmid = {15540455},
title = {{Statistical modeling of complex backgrounds for foreground object detection}},
volume = {13},
year = {2004}
}

// [6]
// journal = {Pattern Anal. Mach. Intell. IEEE Trans.},
// journal = {IEEE Transactions on Pattern Analysis and Machine Intelligence},
@article{Heikkila2006,
author = {Heikkila, M and Pietikainen, M},
doi = {10.1109/TPAMI.2006.68},
file = {:D$\backslash$:/paper/Texture.pdf:pdf},
isbn = {0162-8828 VO - 28},
journal = {IEEE Trans. Pattern Anal. Mach. Intell.},
keywords = {Algorithms,Artificial Intelligence,Automated,Biological,Cameras,Computer-Assisted,Gaussian distribution,Histograms,Image Enhancement,Image Interpretation,Imaging,Information Storage and Retrieval,Jitter,Layout,Lighting,Models,Motion,Movement,Object detection,Pattern Recognition,Photography,Reproducibility of Results,Sensitivity and Specificity,Statistics,Subtraction Technique,Three-Dimensional,Vegetation,Video Recording,Video sequences,adaptive local binary pattern histograms,background modeling,background subtraction,image sequences,image texture,local binary pattern.,motion estimation,moving object detection,object detection,texture,texture-based method,video sequence,video signal processing},
number = {4},
pages = {657--662},
title = {{A texture-based method for modeling the background and detecting moving objects}},
volume = {28},
year = {2006}
}

// [7]
// journal = {IEEE Trans. Pattern Anal. Mach. Intell.},
// journal={IEEE Transactions on Pattern Analysis and Machine Intelligence}, 
@article{Wren1997,
author={Wren, C.R. and Azarbayejani, A. and Darrell, T. and Pentland, A.P.}, 
journal = {IEEE Trans. Pattern Anal. Mach. Intell.},
title={Pfinder: real-time tracking of the human body}, 
year={1997}, 
month={Jul}, 
volume={19}, 
number={7}, 
pages={780-785}, 
keywords={image coding;image colour analysis;image representation;image segmentation;video signal processing;2D representation;Pfinder;behavior interpretation;human body;low-bandwidth coding;multiclass statistical model;people tracking;real-time system;standard SGI Indy computer;video databases;wireless interfaces;Biological system modeling;Communication system security;Hardware;Head;Humans;Image segmentation;Pixel;Real time systems;Video compression;Virtual reality}, 
doi={10.1109/34.598236}, 
ISSN={0162-8828},}

// [8]
// journal = {Proc. 1999 IEEE Comput. Soc. Conf. Comput. Vis. Pattern Recognit. Cat No PR00149},
@INPROCEEDINGS{Stauffer1999,
author={Stauffer, Chris and Grimson, W.E.L.}, 
booktitle={Proc. IEEE Conf. Comput. Vis. Pattern Recognit.}, 
title={Adaptive background mixture models for real-time tracking}, 
year={1999}, 
month={}, 
volume={2}, 
pages={-252 Vol. 2}, 
keywords={image segmentation;image sequences;real-time systems;tracking;adaptive background mixture models;background subtraction;image sequences;real-time segmentation;real-time tracking;thresholding;Adaptive systems;Artificial intelligence;Gaussian distribution;Image segmentation;Image sequences;Laboratories;Layout;Robustness;Tracking;Vehicle detection}, 
doi={10.1109/CVPR.1999.784637}, 
ISSN={1063-6919},}

// [9]
// booktitle = {2004 Int. Conf. Image Process. 2004. ICIP '04.},
@INPROCEEDINGS{Kim2004,
author={Kyungnam Kim and Chalidabhongse, T.H. and Harwood, D. and Davis, L.}, 
booktitle={Proc. Int. Conf. Image Process.}, 
title={Background modeling and subtraction by codebook construction}, 
year={2004}, 
month={Oct}, 
volume={5}, 
pages={3061-3064 Vol. 5}, 
keywords={data compression;image colour analysis;image motion analysis;image representation;image sequences;quantisation (signal);video coding;background modeling;background subtraction;codebook construction;image sequence;multimode modeling technique;video compression;Brightness;Computer vision;Educational institutions;Gaussian processes;Image coding;Information technology;Layout;Lighting;Pixel;Robustness}, 
doi={10.1109/ICIP.2004.1421759}, 
ISSN={1522-4880},}

// [10]
// journal = {Real-Time Imaging},
@article{Kim2005,
author = {Kim, Kyungnam and Chalidabhongse, Thanarat H. and Harwood, David and Davis, Larry},
doi = {10.1016/j.rti.2004.12.004},
isbn = {9781424465132},
issn = {10772014},
journal = {Real-Time Imaging},
pages = {172--185},
publisher={Elsevier},
title = {{Real-time foreground-background segmentation using codebook model}},
volume = {11},
year = {2005}
}
// [11]
// booktitle={Acoustics, Speech and Signal Processing, 2009. ICASSP 2009. IEEE International Conference on}, 
// booktitle = {Acoust. Speech Signal Process. 2009. ICASSP 2009. IEEE Int. Conf.},
@inproceedings{Barnich2009,
author={Barnich, O. and Van Droogenbroeck, M.}, 
booktitle={Proc. IEEE Int. Conf. Acoust. Speech Signal Process.}, 
title={ViBe: A powerful random technique to estimate the background in video sequences}, 
year={2009}, 
month={April}, 
pages={945-948}, 
keywords={estimation theory;image sequences;random processes;video signal processing;ViBe;automatic video content analysis;background extraction;background subtraction;computation efficiency;computational load;noise resilience;noisy images;random aggregation;random policy;random technique;samples-based estimation;video sequences;Background noise;Data mining;Layout;Parameter estimation;Pixel;Resilience;Signal processing algorithms;Technological innovation;Video sequences;Working environment noise;Pattern recognition;Signal analysis;Surveillance;Video signal processing}, 
doi={10.1109/ICASSP.2009.4959741}, 
ISSN={1520-6149},}

// [12]
// journal = {IEEE Trans. Image Process.},
@article{Barnich2011,
author={Barnich, O. and M Van Droogenbroeck}, 
title={ ViBe: A Universal Background Subtraction Algorithm for Video Sequences}, 
journal = {IEEE Trans. Image Process.},
year={2011}, 
month={June}, 
volume={20}, 
number={6}, 
pages={1709-1724}, 
keywords={image motion analysis;image sequences;computation speed;detection rate;downscaled version performance;motion detection;neighboring pixel background model;universal background subtraction algorithm;video sequences;Adaptation model;Computational modeling;Estimation;Image color analysis;Lighting;Pixel;Subtraction techniques;Background subtraction;computer vision;image motion analysis;image segmentation;learning (artificial intelligence);pixel classification;real-time systems;surveillance;video signal processing;vision and scene understanding;Algorithms;Artificial Intelligence;Image Enhancement;Image Interpretation, Computer-Assisted;Pattern Recognition, Automated;Reproducibility of Results;Sensitivity and Specificity;Signal Processing, Computer-Assisted;Subtraction Technique;Video Recording}, 
doi={10.1109/TIP.2010.2101613}, 
ISSN={1057-7149},}

// [13]
// booktitle={Intelligent Robots and Systems (IROS), 2011 IEEE/RSJ International Conference on}, 
// journal = {IEEE Int. Conf. Intell. Robot. Syst.},
@INPROCEEDINGS{Kit2011,
author={Kit, D. and Sullivan, B. and Ballard, D.}, 
booktitle={Proc. IEEE Int. Int. Conf. Intell. Robot. Syst.}, 
title={Novelty detection using growing neural gas for visuo-spatial memory}, 
year={2011}, 
month={Sept}, 
pages={1194-1200}, 
keywords={feature extraction;image colour analysis;image motion analysis;intelligent robots;remotely operated vehicles;robot vision;self-organising feature maps;self-organising storage;video cameras;computer vision;mobile camera system;neural gas;remotely operated vehicles;robotics;security cameras;self-organizing map;spatial distribution;spatially-distributed color histograms;visual change detection;visual features representation;visual scenes;visuo-spatial memory;Cameras;Histograms;Image color analysis;Robots;Training;Vectors;Visualization}, 
doi={10.1109/IROS.2011.6094794}, 
ISSN={2153-0858},}

// [14]
// journal = {Comput. Vis. Image Underst.},
@article{Zhou2013,
author = {Zhou, Hong and Chen, Yiru and Feng, Rong},
doi = {10.1016/j.cviu.2013.07.008},
issn = {10773142},
journal = {Comput. Vis. Image Underst.},
keywords = {Background subtraction,Color invariants,Color similarity,Illumination change,Indoor environments},
number = {11},
pages = {1589--1597},
publisher = {Elsevier Inc.},
title = {{A novel background subtraction method based on color invariants}},
volume = {117},
year = {2013}
}

// [15]
// booktitle = {Recent Patents Comput. Sci.},
@article{Bouwmans08backgroundmodeling,
  title={Background modeling using mixture of gaussians for foreground detection-a survey},
  author={Bouwmans, Thierry and El Baf, Fida and Vachon, Bertrand},
  journal={Recent Patents Comput. Sci.},
  volume={1},
  number={3},
  pages={219--237},
  year={2008},
  publisher={Bentham Science Publishers}
}


// [16]
// booktitle={Computer Vision, 1999. The Proceedings of the Seventh IEEE International Conference on}, 
// journal = {Proc. Seventh IEEE Int. Conf. Comput. Vis.},
@INPROCEEDINGS{Toyama1999,
author={Toyama, K. and Krumm, J. and Brumitt, B. and Meyers, B.}, 
booktitle={Proc. IEEE Int. Conf. Comput. Vis.}, 
title={Wallflower: principles and practice of background maintenance}, 
year={1999}, 
month={}, 
volume={1}, 
pages={255-261 vol.1}, 
keywords={motion estimation;surveillance;Wallflower;background maintenance;background subtraction;frame-level component;region-level component;video surveillance systems;Cameras;Electrical capacitance tomography;Humans;Layout;Lighting;Object detection;Pixel;Statistics;Switches;Video surveillance}, 
doi={10.1109/ICCV.1999.791228},}

// [17]
  // booktitle={Computer Vision—ECCV 2002},
@inproceedings{Harville02aframework,
  title={A framework for high-level feedback to adaptive, per-pixel, mixture-of-gaussian background models},
  author={Harville, Michael},
  booktitle={Proc. Eur. Int. Comput. Vis.},
  pages={543--560},
  year={2002},
  publisher={Springer}
}

// [18]
// booktitle={Pattern Recognition (ICPR), 2010 20th International Conference on}, 
// journal = {Proc. - Int. Conf. Pattern Recognit.},
@INPROCEEDINGS{Kita2010,
author={Kita, Y.}, 
booktitle={Proc. Int. Conf. Pattern Recognit.}, 
title={Background Modeling by Combining Joint Intensity Histogram with Time-sequential Data}, 
year={2010}, 
month={Aug}, 
pages={991-994}, 
keywords={Gaussian distribution;image sequences;video signal processing;video streaming;Gaussian mixture model;background dominance condition;background modeling;background probability distribution;field monitoring image;joint intensity histogram;statistical background intensity model;time-sequential data;time-sequential image;video stream;Data models;Histograms;Joints;Noise measurement;Pixel;Probability;Surveillance;background model;change detection;joint intensity histogram;outside scenes}, 
doi={10.1109/ICPR.2010.248}, 
ISSN={1051-4651},}

// [19]
// booktitle = {2009 4th International Conference on Innovative Computing, Information and Control, ICICIC 2009},
// journal = {2009 4th Int. Conf. Innov. Comput. Inf. Control. ICICIC 2009},
@INPROCEEDINGS{Kuo2009,
author = {Kuo, Chung Ming and Chang, Wei Han and Wang, Sheng Bin and Liu, Chih Shan},
doi = {10.1109/ICICIC.2009.82},
isbn = {9780769538730},
booktitle = {Proc. IEEE Int. Conf. Innov. Comput. Inf. Control.},
pages = {480--483},
title = {{An efficient histogram-based method for background modeling}},
year = {2009}
}

// [20]
// journal = {Bmvc},
@INPROCEEDINGS{Heikkila2004,
author = {Heikkil\"{a}, M and Pietik\"{a}inen, M and Heikkil\"{a}, J},
doi = {10.5244/C.18.21},
isbn = {1-901725-25-1},
booktitle = {Proc. British Machine Vision Conf.},
number = {4},
pages = {21.1--21.10},
title = {{A texture-based method for detecting moving objects.}},
volume = {28},
year = {2004}
}

// [21]
// journal = {Proceedings of the IEEE Computer Society Conference on Computer Vision and Pattern Recognition},
// journal = {Proc. IEEE Comput. Soc. Conf. Comput. Vis. Pattern Recognit.},
@INPROCEEDINGS{Liao2010,
doi = {10.1109/CVPR.2010.5539817},
isbn = {9781424469840},
issn = {10636919},
booktitle = {Proc.  IEEE Comput. Soc. Conf. Comput. Vis. Pattern Recognit.},
pages = {1301--1306},
title = {{Modeling pixel process with scale invariant local patterns for background subtraction in complex scenes}},
year = {2010}
}

// [22]
// journal = {Inf. Sci. (Ny).},
@article{Yeh2014,
author = {Yeh, Chia Hung and Lin, Chih Yang and Muchtar, Kahlil and Kang, Li Wei},
doi = {10.1016/j.ins.2013.08.014},
issn = {00200255},
journal = {Inf. Sci. (Ny).},
keywords = {Background modeling,Gaussian mixture modeling,Motion detection},
pages = {106--127},
publisher = {Elsevier Inc.},
title = {{Real-time background modeling based on a multi-level texture description}},
year = {2014}
}

// [23]
// booktitle = {Dept. g\'{e}nie Inform. g\'{e}nie logiciel, \'{E}cole Polytechn. Montr. Montr. QC, Canada, Tech. Rep. EPM-RT-2012-03},
@inproceedings{Riahi2012,
author = {Riahi, Dorra and St-Onge, P and Bilodeau, G},
booktitle = {Proc. Dept. g\'{e}nie Inform. g\'{e}nie logiciel, \'{E}cole Polytechn. Montr. Montr. QC, Canada,},
pages = {1--9},
title = {{RECTGAUSS-tex: Blockbased background subtraction}},
year = {2012}
}

// [24]
// journal = {IEEE Trans. Image Process.},
@article{Lin2014,
author = {Lin, Liang and Xu, Yuanlu and Liang, Xiaodan and Lai, Jianhuang},
doi = {10.1109/TIP.2014.2326776},
issn = {10577149},
journal = {IEEE Trans. Image Process.},
keywords = {Background modeling,Spatio-temporal representation,Visual surveillance},
number = {7},
pages = {3191--3202},
title = {{Complex background subtraction by pursuing dynamic spatio-temporal models}},
volume = {23},
year = {2014}
}

// [25]
// journal = {Sixth IEEE Workshop on Applications of Computer Vision, 2002. (WACV 2002). Proceedings.},
// journal = {Sixth IEEE Work. Appl. Comput. Vision, 2002. (WACV 2002). Proceedings.},
@inproceedings{Li2002,
author = {Li, Liyuan Li Liyuan and Huang, Weimin Huang Weimin and Gu, I.Y.H. and Tian, Qi Tian Qi},
doi = {10.1109/ACV.2002.1182193},
isbn = {0-7695-1858-3},
booktitle = {Proc. IEEE Work. Appl. Comput. Vision},
title = {{Foreground object detection in changing background based on color co-occurrence statistics}},
year = {2002}
}

// [26]
// {IEEE Trans. Pattern Anal. Mach. Intell.},
@article{Wixson2000,
author = {Wixson, L.},
doi = {10.1109/34.868680},
isbn = {0-7695-0164-8},
issn = {01628828},
journal = {IEEE Trans. Pattern Anal. Mach. Intell.},
number = {8},
pages = {774--780},
title = {{Detecting salient motion by accumulating directionally-consistent flow}},
volume = {22},
year = {2000}
}

// [27]
// {IEEE Trans. Image Process.},
@article{Chiranjeevi2014,
author = {Chiranjeevi, Pojala and Sengupta, Somnath},
doi = {10.1109/TIP.2013.2285598},
issn = {10577149},
journal = {IEEE Trans. Image Process.},
keywords = {Moving object detection,model feature vectors,model level fuzzy aggregation,model level fuzzy similarity,neighborhood supported model initialization,statistical local texture features},
number = {2},
pages = {645--657},
pmid = {24235250},
title = {Neighborhood supported model level fuzzy aggregation for moving object segmentation}},
volume = {23},
year = {2014}
}

// [28]
// booktitle = {Comput. Vis. Work. (ICCV Work. 2011 IEEE Int. Conf.},
@inproceedings{Zaharescu2011,
author = {Zaharescu, A and Jamieson, M},
booktitle = {Proc. IEEE Int. Conf. Comput. Vis. Work.},
doi = {10.1109/ICCVW.2011.6130461},
isbn = {VO -},
keywords = {Adaptation models,I2R dataset,Image color analysis,Lighting,Noise,Sensitivity,Training,Videos,generic multiscale confidence fusion scheme,image coding,image colour analysis,image fusion,image texture,local pattern methods,local texture pattern descriptor,multiscale multifeature codebook-based background ,object colour,object intensity,surveillance environments},
pages = {1753--1760},
title = {{Multi-scale multi-feature codebook-based background subtraction}},
year = {2011}
}

// [29]
// journal = {Build. Environ.},
@article{Chen2010,
author = {Chen, Juan and He, Yaping and Wang, Jian},
doi = {10.1016/j.buildenv.2009.10.017},
issn = {03601323},
journal = {Build. Environ.},
keywords = {Color mapping,Flickering analysis,Gaussian mixture model,Motion detection},
number = {5},
pages = {1113--1122},
publisher = {Elsevier Ltd},
title = {{Multi-feature fusion based fast video flame detection}},
volume = {45},
year = {2010}
}

// [30]
// booktitle = {Signal Processing (ICSP), 2012 IEEE 11th International 
// booktitle = {Signal Process. (ICSP), 2012 IEEE 11th Int. Conf.},
@inproceedings{Xue2012a,
author = {Xue, Tingting and Wang, Yanjiang and Qi, Yujuan},
booktitle = {Proc. IEEE Int. Conf. Signal Process.},
doi = {10.1109/ICoSP.2012.6491774},
isbn = {2164-5221 VO - 2},
keywords = {GMM,Gaussian distribution,Gaussian mixture background modeling,HSV color feature and texture-feature,color angle,double shadow judgment,false detection rate,feature extraction,illumination changes,image colour analysis,moving object,multi-feature fusion,multifeature fusion,object detection,scene changes,shadow detection},
pages = {1119--1122},
title = {{Multi-feature fusion based GMM for moving object and shadow detection}},
volume = {2},
year = {2012}
}

// [31]
// journal = {Pattern Recognit.},
@article{Ji2014,
author = {Ji, Zhangjian and Wang, Weiqiang},
doi = {10.1016/j.patcog.2014.03.016},
issn = {00313203},
journal = {Pattern Recognit.},
keywords = {Adaptive fusion model,Foreground detection,Lateral inhibition filter,ST-SILTP},
number = {9},
pages = {2952--2961},
publisher = {Elsevier},
title = {{Detect foreground objects via adaptive fusing model in a hybrid feature space}},
volume = {47},
year = {2014}
}

// [32]
// journal = {Comput. Vis. Image Underst.},
@article{Dong2011,
author = {Dong, Y. and Desouza, G. N.},
doi = {10.1016/j.cviu.2010.08.003},
isbn = {1077-3142},
issn = {10773142},
journal = {Comput. Vis. Image Underst.},
keywords = {Illumination invariance,Incremental learning,Local PCA,Multiple eigensubspace},
number = {1},
pages = {31--49},
publisher = {Elsevier Inc.},
title = {{Adaptive learning of multi-subspace for foreground detection under illumination changes}},
volume = {115},
year = {2011}
}

// [33]
// IET Institution of Engineering and Technology
// journal = {IET Comput. Vis.},
@article{Wang2012,
author={Wang, Y. and Liang, Y. and Zhang, L. and Pan, Q.}, 
journal = {IET Comput. Vis.},
title={Adaptive spatiotemporal background modelling}, 
year={2012}, 
month={Sept}, 
volume={6}, 
number={5}, 
pages={451-458}, 
keywords={Gaussian processes;feature extraction;image motion analysis;object detection;GMM;adaptive Gaussian mixture model;adaptive spatiotemporal background modelling;background subtraction;dynamic scene;integral image method;moving object detection;nonparametric density estimation;spatial distribution model;temporal distribution model}, 
doi={10.1049/iet-cvi.2010.0229}, 
ISSN={1751-9632},}

// [34]
// journal = {Proc. - 4th Int. Conf. Genet. Evol. Comput. ICGEC 2010},
@inproceedings{Lin2010,
author = {Lin, Chih Yang and Chang, Chao Chin and Chang, Wei Wen and Chen, Meng Hui and Kang, Li Wei},
doi = {10.1109/ICGEC.2010.159},
isbn = {9780769542812},
booktitle = {Proc. Int. Conf. Genet. Evol. Comput.},
keywords = {Background modeling,Gaussian mixture modeling,Motion detection},
pages = {622--625},
title = {{Real-time robust background modeling based on joint color and texture descriptions}},
year = {2010}
}

// [36]
@article{Zou2007,
author = {Zou, Kelly H. and O'Malley, a. James and Mauri, Laura},
doi = {10.1161/CIRCULATIONAHA.105.594929},
issn = {00097322},
journal = {Circulation},
keywords = {Diagnosis,ROC curve,Sensitivity and specificity,Statistics,Tests},
pages = {654--657},
pmid = {17283280},
title = {{Receiver-operating characteristic analysis for evaluating diagnostic tests and predictive models}},
volume = {115},
year = {2007}
}

// [37]
// journal = {Signal Process. Lett. IEEE},
@article{McHugh2009,
author = {McHugh, J M and Konrad, J and Saligrama, V and Jodoin, P},
doi = {10.1109/LSP.2009.2016447},
isbn = {1070-9908 VO - 16},
journal = {IEEE Trans. Signal Process. Lett.},
keywords = {Adaptive estimation,Algorithm design and analysis,Change detection algorithms,Markov model,Markov processes,Markov random fields,Motion detection,Motion estimation,Parameter estimation,Robustness,Spatial coherence,Statistics,Testing,background subtraction,detection threshold,discrimination sensitivity,foreground model,foreground-adaptive background subtraction,hypothesis testing,image sequence,image sequences,mixture-of-Gaussians model,motion detection,nonparametric background model,probabilistic models,spatial neighborhood,video signal processing,video statistics},
number = {5},
pages = {390--393},
title = {{Foreground-Adaptive Background Subtraction}},
volume = {16},
year = {2009}
}

// [38]
// journal = {IEEE Trans. Image Process.},
@article{Li2002a,
author = {Li, Liyuan and Leung, Maylor K H},
doi = {10.1109/83.982818},
issn = {10577149},
journal = {IEEE Trans. Image Process.},
keywords = {Change detection,Difference pictures,Integration,Motion detection,Segmentation,Subtraction,Video analysis},
number = {2},
pages = {105--112},
pmid = {18244616},
title = {{Integrating intensity and texture differences for robust change detection}},
volume = {11},
year = {2002}
}

// [39]
// booktitle = {Computer Vision and Pattern Recognition, IEEE Conference on}, 要不要加  Computer Society Conference
// journal = {2007 IEEE Conf. Comput. Vis. Pattern Recognit.},
@incollection{Yao2007,
author = {Yao, Jian Yao Jian and Odobez, J.-M.},
doi = {10.1109/CVPR.2007.383497},
isbn = {1063-6919 VO -},
booktitle = {Proc. IEEE Conf. Comput. Vis. Pattern Recognit.},
keywords = {Data mining,Filters,Layout,Object detection,Photometry,RGB color space,Recursive estimation,Robustness,Statistics,Subtraction techniques,cross-bilateral filter,illumination invariance,image colour analysis,image motion analysis,image texture,layer-based strategy,lighting,local binary patterns,local texture features,moving background pixels modeling,multilayer background subtraction,photometric invariant color measurements,quasi-periodic flickering,video signal processing,video stream},
pages = {1--8},
title = {{Multi-Layer Background Subtraction Based on Color and Texture}},
year = {2007}
}

// [40]
// journal = {Int. Conf. Intell. Syst. Des. Appl.},
@incollection{Greggio2010,
author = {Greggio, Nicola and Bernardino, Alexandre and Laschi, Cecilia and Dario, Paolo and Santos-Victor, Jose},
doi = {10.1109/ISDA.2010.5687059},
isbn = {978-1-4244-8134-7},
booktitle = {Proc. Int. Conf. Intell. Syst. Des. Appl.},
keywords = {-real-time video segmentation,background subtraction,gaussian mixtures,online em,self-adapting},
pages = {983--989},
title = {{Self-adaptive Gaussian mixture models for real-time video segmentation and background subtraction}},
year = {2010}
}

// [41]
// journal = {IEEE Trans. Pattern Anal. Mach. Intell.},
@article{Ojala2002,
author = {Ojala, Timo and Pietik\"{a}inen, Matti and M\"{a}enp\"{a}\"{a}, Topi},
doi = {10.1109/TPAMI.2002.1017623},
isbn = {0162-8828},
issn = {01628828},
journal = {IEEE Trans. Pattern Anal. Mach. Intell.},
keywords = {Brodatz,Contrast,Distribution,Histogram,Nonparametric,Outex,Texture analysis},
number = {7},
pages = {971--987},
title = {{Multiresolution gray-scale and rotation invariant texture classification with local binary patterns}},
volume = {24},
year = {2002}
}

// [42]
// journal = {Pattern Recognit.},
@article{Pietikainen2000,
author = {Pietik\"{a}inen, M and Ojala, T and Xu, Z},
doi = {http://dx.doi.org/10.1016/S0031-3203(99)00032-1},
issn = {0031-3203},
journal = {Pattern Recognit.},
keywords = {Classification,Feature distribution,Performance evaluation,Rotation invariant,Texture analysis},
month = jan,
number = {1},
pages = {43--52},
title = {{Rotation-invariant texture classification using feature distributions}},
volume = {33},
year = {2000}
}

// [43]
// journal = {Pattern Recognit.},
@article{Chen2008,
author = {Chen, Qiang and Sun, Quan Sen and {Ann Heng}, Pheng and Xia, De Shen},
doi = {10.1016/j.patcog.2007.09.007},
issn = {00313203},
journal = {Pattern Recognit.},
keywords = {Binarization,Double-threshold,Edge connection,Edge detector,Seed filling},
pages = {1254--1267},
title = {{A double-threshold image binarization method based on edge detector}},
volume = {41},
year = {2008}
}

// [44]
// booktitle = {Computer Vision and Pattern Recognition Workshops (CVPRW), 2012 IEEE Computer Society Conference on},
// booktitle = {Comput. Vis. Pattern Recognit. Work. (CVPRW), 2012 IEEE Comput. Soc. Conf.},
@inproceedings{Goyette2012,
author = {Goyette, N and Jodoin, P and Porikli, F and Konrad, J and Ishwar, P},
booktitle = {Proc. IEEE Conf. Comput. Vis. Pattern Recognit. Work.},
doi = {10.1109/CVPRW.2012.6238919},
isbn = {2160-7508 VO -},
keywords = {Benchmark testing,Cameras,Change detection algorithms,Detection algorithms,Gray-scale,Measurement,Positron emission tomography,change detection benchmark dataset,changedetection.net,computer vision,dataset quantitative performance metrics,ground-truth background,ground-truth foreground,image sequences,object detection,shadow area boundaries,video processing,video sequences,video signal processing},
pages = {1--8},
title = {{Changedetection.net: A new change detection benchmark dataset}},
year = {2012}
}

// [45]
// booktitle = {Image Processing (ICIP), 2014 IEEE International Conference on},
// booktitle = {Image Process. (ICIP), 2014 IEEE Int. Conf.},
@inproceedings{Lu2014,
author = {Lu, Xiqun},
booktitle = {Proc. IEEE Int. Conf. Image Process.},
doi = {10.1109/ICIP.2014.7025661},
isbn = {VO -},
keywords = {Color,Computational modeling,Context,Dynamics,Heuristic algorithms,Motion detection,Multiscale,Videos,background,benchmark dataset,image motion analysis,image representation,image sampling,location measurement,motion detection,motion propagation,multiscale spatiotemporal background model,nonparametric background modeling paradigm,soft updating scheme,spatio-temporal,video representation,video surveillance},
pages = {3268--3271},
title = {{A multiscale spatio-temporal background model for motion detection}},
year = {2014}
}

// [46]
// journal = {2013 10th IEEE Int. Conf. Adv. Video Signal Based Surveillance, AVSS 2013},
@inproceedings{Varadarajan2013,
author = {Varadarajan, Sriram and Miller, Paul and Zhou, Huiyu},
doi = {10.1109/AVSS.2013.6636617},
isbn = {9781479907038},
booktitle = {Proc. IEEE Int. Conf. Adv. Video Signal Based Surveillance},
pages = {63--68},
title = {{Spatial mixture of Gaussians for dynamic background modelling}},
year = {2013}
}

// [47]
// journal = {IEEE Comput. Soc. Conf. Comput. Vis. Pattern Recognit. Work.},
@article{VanDroogenbroeck2012,
author = {{Van Droogenbroeck}, M. and Paquot, O.},
doi = {10.1109/CVPRW.2012.6238924},
isbn = {9781467316118},
issn = {21607508},
journal = {IEEE Conf. Comput. Vis. Pattern Recognit. Work.},
pages = {32--37},
title = {{Background subtraction: Experiments and improvements for ViBe}},
year = {2012}
}

// [48]
// journal = {Proceedings of the 17th International Conference on Pattern Recognition, 2004. ICPR 2004.},
// journal = {Proc. 17th Int. Conf. Pattern Recognition, 2004. ICPR 2004.},
@inproceedings{Zivkovic2004,
author = {Zivkovic, Z.},
doi = {10.1109/ICPR.2004.1333992},
isbn = {0-7695-2128-2},
issn = {1051-4651},
booktitle = {Proc. Int. Conf. Pattern Recognition},
title = {{Improved adaptive Gaussian mixture model for background subtraction}},
volume = {2},
year = {2004}
}

// [49]
// journal = {IEEE Trans. Pattern Anal. Mach. Intell.},
@article{Stauffer2000,
author = {Stauffer, C and Grimson, W E L},
doi = {10.1109/34.868677},
issn = {01628828},
journal = {IEEE Trans. Pattern Anal. Mach. Intell.},
pages = {747--757},
title = {{Learning patterns of activity using real-time tracking}},
volume = {22},
year = {2000}
}


@INPROCEEDINGS{CVPR_2007_MultiLayer, 
author={J. Yao and J. M. Odobez}, 
booktitle={IEEE Conference on Computer Vision and Pattern Recognition}, 
title={Multi-Layer Background Subtraction Based on Color and Texture}, 
year={2007}, 
pages={1-8}, 
keywords={image colour analysis;image motion analysis;image texture;lighting;video signal processing;RGB color space;cross-bilateral filter;illumination invariance;layer-based strategy;local binary patterns;local texture features;moving background pixels modeling;multilayer background subtraction;photometric invariant color measurements;quasi-periodic flickering;video stream;Data mining;Filters;Layout;Lighting;Object detection;Photometry;Recursive estimation;Robustness;Statistics;Subtraction techniques}, 
doi={10.1109/CVPR.2007.383497}, 
ISSN={1063-6919}, 
month={June},}

@INPROCEEDINGS{2006_FSKD_zhang,
author={zhang, Hongxun and xu, De},
title={Fusing Color and Texture Features for Background Model},
booktitle={Fuzzy Systems and Knowledge Discovery: Third International Conference},
year={2006},
publisher={Springer Berlin Heidelberg},
pages={887--893},
isbn={978-3-540-45917-0},}

@INPROCEEDINGS{2008_WIAMIS_ChoquetIntegral, 
author={F. El Baf and T. Bouwmans and B. Vachon}, 
booktitle={Ninth International Workshop on Image Analysis for Multimedia Interactive Services}, 
title={Foreground Detection Using the Choquet Integral}, 
year={2008}, 
pages={187-190}, 
keywords={fuzzy set theory;image classification;image colour analysis;image motion analysis;integral equations;object detection;video signal processing;Choquet Integral;background changes;background subtraction problem;foreground detection;fuzzy approach;illumination changes;image classification;image pixels;moving objects detection;texture features;video datasets;Aggregates;Application software;Lighting;Object detection;Pixel;Robustness;Testing;Uncertainty;Video sequences;Wiener filter;Foreground Detection;Fuzzy Integrals;Video surveillance}, 
doi={10.1109/WIAMIS.2008.9}, 
ISSN={2158-5873}, 
month={May},}

@INPROCEEDINGS{2009_CVPRW_Klare, 
author={B. Klare and S. Sarkar}, 
booktitle={IEEE Conference on Computer Vision and Pattern Recognition Workshops}, 
title={Background subtraction in varying illuminations using an ensemble based on an enlarged feature set}, 
year={2009}, 
pages={66-73}, 
keywords={Gaussian processes;image classification;image colour analysis;image resolution;image sequences;background subtraction;color intensities;color spaces;enlarged feature set;image sequences;mixture of Gaussians background classifiers;pixels false classification;texture features;varying illuminations;Computer science;Equations;Gaussian distribution;Gaussian processes;Image segmentation;Image sequences;Iterative algorithms;Layout;Lighting;Target tracking}, 
doi={10.1109/CVPRW.2009.5204078}, 
ISSN={2160-7508}, 
month={June},}

@INPROCEEDINGS{2013_ACCV_NohMultiCues,
author="Noh, SeungJong
and Jeon, Moongu",
editor="Lee, Kyoung Mu
and Matsushita, Yasuyuki
and Rehg, James M.
and Hu, Zhanyi",
title="A New Framework for Background Subtraction Using Multiple Cues",
booktitle="Asian Conference on Computer Vision",
year="2013",
publisher="Springer Berlin Heidelberg",
pages="493--506",
isbn="978-3-642-37431-9",
}

@INPROCEEDINGS{2015_ICIP_MultipleFt, 
author={Y. Chen and J. Wang and J. Li and H. Lu}, 
booktitle={Image Processing, IEEE International Conference on}, 
title={Multiple features based shared models for background subtraction}, 
year={2015}, 
pages={3946-3950}, 
keywords={computer vision;image colour analysis;image texture;jitter;ChangeDetection benchmark 2014;adaptive update rate;background modeling;background noise;background subtraction;color feature concatenation;computer vision;features based shared models;high-level applications;jitter;texture feature concatenation;Adaptation models;Benchmark testing;Color;Computational modeling;Jitter;Noise measurement;Robustness;Background modeling;shared model}, 
doi={10.1109/ICIP.2015.7351545}, 
month={Sept},}

@inproceedings{2015_VISAPP_Silva,
  title={An extended center-symmetric local binary pattern for background modeling and subtraction in videos},
  author={Silva, Caroline and Bouwmans, Thierry and Fr{\'e}licot, Carl},
  booktitle={International Joint Conference on Computer Vision, Imaging and Computer Graphics Theory and Applications},
  year={2015}
}

// https://github.com/andrewssobral/bgslibrary
@inproceedings{bgslibrary,
author    = {Sobral, Andrews},
title     = {{BGSLibrary}: An OpenCV C++ Background Subtraction Library},
booktitle = {IX Workshop de Visão Computacional (WVC'2013)},
address   = {Rio de Janeiro, Brazil},
year      = {2013},
month     = {Jun},
}
